ordtype;uid;is_buy;qty;price;timestamp
new;55;False;3;95.8;2019-05-23 09:00:30.216
new;56;False;32;95.9;2019-05-23 09:00:30.216
new;57;False;1;96.15;2019-05-23 09:00:30.216
new;58;False;202;96.4;2019-05-23 09:00:30.216
new;59;False;63;96.6;2019-05-23 09:00:30.216
new;60;False;188;96.75;2019-05-23 09:00:30.216
new;61;False;500;96.8;2019-05-23 09:00:30.216
new;62;False;143;97.0;2019-05-23 09:00:30.216
new;63;False;36;97.1;2019-05-23 09:00:30.216
new;64;False;247;97.15;2019-05-23 09:00:30.216
new;65;True;50;95.7;2019-05-23 09:00:30.216
new;66;True;16;95.65;2019-05-23 09:00:30.216
new;67;True;412;95.5;2019-05-23 09:00:30.216
new;68;True;188;95.15;2019-05-23 09:00:30.216
new;69;True;900;94.9;2019-05-23 09:00:30.216
new;70;True;143;94.85;2019-05-23 09:00:30.216
new;71;True;36;94.75;2019-05-23 09:00:30.216
new;72;True;36;94.6;2019-05-23 09:00:30.216
new;73;True;218;94.55;2019-05-23 09:00:30.216
new;74;True;52;94.5;2019-05-23 09:00:30.216
modif;72;;14;;2019-05-23 09:00:30.231
modif;68;;14;;2019-05-23 09:00:30.233
modif;55;;2;;2019-05-23 09:00:30.337
modif;64;;142;;2019-05-23 09:00:30.344
modif;55;;1;;2019-05-23 09:00:30.461
new;75;False;709;97.3;2019-05-23 09:00:30.461
cancel;57;;1;;2019-05-23 09:00:30.462
new;76;False;296;97.35;2019-05-23 09:00:30.462
cancel;74;;52;;2019-05-23 09:00:30.965
new;77;True;34;95.3;2019-05-23 09:00:30.965
cancel;76;;296;;2019-05-23 09:00:30.965
new;78;False;34;96.3;2019-05-23 09:00:30.965
cancel;73;;218;;2019-05-23 09:00:30.967
new;79;True;34;95.35;2019-05-23 09:00:30.967
cancel;75;;709;;2019-05-23 09:00:30.967
new;80;False;34;96.25;2019-05-23 09:00:30.967
cancel;66;;16;;2019-05-23 09:00:30.971
new;81;True;218;94.55;2019-05-23 09:00:30.971
new;82;True;14;95.15;2019-05-23 09:00:30.972
new;83;True;14;94.6;2019-05-23 09:00:30.974
cancel;81;;218;;2019-05-23 09:00:31.061
new;84;True;63;95.55;2019-05-23 09:00:31.061
modif;64;;105;;2019-05-23 09:00:31.061
new;85;False;63;96.05;2019-05-23 09:00:31.061
new;86;True;500;94.75;2019-05-23 09:00:31.419
modif;72;;22;;2019-05-23 09:00:31.772
cancel;83;;14;;2019-05-23 09:00:31.772
new;87;True;34;95.4;2019-05-23 09:00:31.772
cancel;63;;36;;2019-05-23 09:00:31.772
new;88;False;34;96.2;2019-05-23 09:00:31.772
cancel;62;;143;;2019-05-23 09:00:32.771
new;89;False;34;96.15;2019-05-23 09:00:32.771
cancel;71;;36;;2019-05-23 09:00:32.774
cancel;86;;500;;2019-05-23 09:00:32.774
new;90;True;34;95.45;2019-05-23 09:00:32.774
cancel;61;;500;;2019-05-23 09:00:32.775
new;91;False;34;96.1;2019-05-23 09:00:32.775
new;92;True;34;95.5;2019-05-23 09:00:32.776
new;93;True;250;95.4;2019-05-23 09:00:33.512
new;94;False;250;96.2;2019-05-23 09:00:33.513
cancel;60;;188;;2019-05-23 09:00:33.514
new;95;False;250;96.45;2019-05-23 09:00:33.514
new;96;True;250;95.15;2019-05-23 09:00:33.515
new;97;True;34;95.55;2019-05-23 09:00:33.770
new;98;False;34;96.05;2019-05-23 09:00:33.770
cancel;59;;63;;2019-05-23 09:00:33.770
new;99;False;34;96.0;2019-05-23 09:00:33.770
cancel;70;;143;;2019-05-23 09:00:33.770
new;100;True;34;95.6;2019-05-23 09:00:33.770
cancel;95;;250;;2019-05-23 09:00:33.770
new;101;False;34;95.95;2019-05-23 09:00:33.770
cancel;69;;900;;2019-05-23 09:00:33.772
new;102;True;34;95.65;2019-05-23 09:00:33.772
modif;68;;36;;2019-05-23 09:00:40.875
cancel;102;;34;;2019-05-23 09:01:03.342
new;103;True;900;94.9;2019-05-23 09:01:03.342
cancel;103;;900;;2019-05-23 09:01:03.768
new;104;True;34;95.25;2019-05-23 09:01:03.768
cancel;65;;50;;2019-05-23 09:01:08.493
new;105;True;900;94.9;2019-05-23 09:01:08.493
cancel;100;;34;;2019-05-23 09:01:08.493
new;106;True;143;94.85;2019-05-23 09:01:08.493
cancel;93;;250;;2019-05-23 09:01:08.493
new;107;True;250;95.3;2019-05-23 09:01:08.493
new;108;False;34;95.9;2019-05-23 09:01:08.493
cancel;84;;63;;2019-05-23 09:01:08.541
new;109;True;63;95.45;2019-05-23 09:01:08.541
cancel;106;;143;;2019-05-23 09:01:08.768
new;110;True;34;95.2;2019-05-23 09:01:08.768
cancel;109;;63;;2019-05-23 09:01:09.035
new;111;True;63;95.4;2019-05-23 09:01:11.048
modif;58;;141;;2019-05-23 09:01:33.747
modif;67;;141;;2019-05-23 09:01:37.610
modif;96;;152;;2019-05-23 09:01:37.610
new;112;True;53;95.55;2019-05-23 09:01:43.436
cancel;108;;34;;2019-05-23 09:01:43.436
cancel;105;;900;;2019-05-23 09:01:43.436
new;113;True;34;95.6;2019-05-23 09:01:43.436
new;114;True;136;95.6;2019-05-23 09:02:34.973
modif;68;;138;;2019-05-23 09:02:34.973
cancel;82;;14;;2019-05-23 09:02:34.973
modif;96;;98;;2019-05-23 09:02:34.973
new;115;True;31;95.65;2019-05-23 09:02:34.973
cancel;111;;63;;2019-05-23 09:02:35.000
new;116;True;63;95.5;2019-05-23 09:02:35.000
new;117;False;57;96.05;2019-05-23 09:03:15.155
cancel;114;;136;;2019-05-23 09:03:20.578
new;118;False;57;95.9;2019-05-23 09:03:30.056
new;119;False;32;95.9;2019-05-23 09:03:34.150
new;120;True;2;95.65;2019-05-23 09:03:36.236
cancel;115;;31;;2019-05-23 09:03:49.712
cancel;120;;2;;2019-05-23 09:03:49.765
new;121;True;250;95.15;2019-05-23 09:03:49.765
cancel;116;;63;;2019-05-23 09:03:49.788
new;122;True;63;95.45;2019-05-23 09:03:49.788
cancel;121;;250;;2019-05-23 09:04:02.505
new;123;True;33;95.65;2019-05-23 09:04:02.505
cancel;119;;32;;2019-05-23 09:04:02.505
cancel;110;;34;;2019-05-23 09:04:02.507
new;124;True;33;95.7;2019-05-23 09:04:02.507
new;125;True;250;95.4;2019-05-23 09:04:02.511
cancel;122;;63;;2019-05-23 09:04:02.536
new;126;True;63;95.55;2019-05-23 09:04:02.536
new;127;True;2;95.7;2019-05-23 09:04:02.553
modif;58;;61;;2019-05-23 09:04:02.768
new;128;False;33;96.35;2019-05-23 09:04:02.768
new;129;False;33;95.9;2019-05-23 09:04:42.527
cancel;124;;33;;2019-05-23 09:04:42.528
cancel;127;;2;;2019-05-23 09:04:42.574
new;130;True;34;95.2;2019-05-23 09:04:42.574
cancel;107;;250;;2019-05-23 09:04:42.574
cancel;126;;63;;2019-05-23 09:04:42.603
new;131;True;63;95.5;2019-05-23 09:04:42.603
cancel;128;;33;;2019-05-23 09:04:42.603
new;132;False;33;95.85;2019-05-23 09:04:42.603
cancel;123;;33;;2019-05-23 09:04:42.605
new;133;True;250;95.1;2019-05-23 09:04:42.605
cancel;125;;250;;2019-05-23 09:04:42.605
new;134;True;250;95.3;2019-05-23 09:04:42.605
cancel;131;;63;;2019-05-23 09:04:42.626
new;135;True;2;95.6;2019-05-23 09:04:42.650
new;136;True;63;95.45;2019-05-23 09:04:45.037
cancel;133;;250;;2019-05-23 09:04:54.290
new;137;True;33;95.65;2019-05-23 09:04:54.290
cancel;132;;33;;2019-05-23 09:04:54.292
new;138;False;33;96.35;2019-05-23 09:04:54.292
cancel;135;;2;;2019-05-23 09:04:54.325
new;139;True;2;95.65;2019-05-23 09:04:54.376
cancel;139;;2;;2019-05-23 09:05:00.335
cancel;138;;33;;2019-05-23 09:05:37.167
new;140;False;33;95.85;2019-05-23 09:05:37.167
new;141;False;7;96.0;2019-05-23 09:05:37.167
new;142;True;7;95.5;2019-05-23 09:05:37.167
new;143;False;330;95.9;2019-05-23 09:05:37.840
cancel;137;;33;;2019-05-23 09:05:40.375
new;144;True;836;95.15;2019-05-23 09:05:40.375
new;145;True;7;95.45;2019-05-23 09:05:40.375
new;146;False;7;95.95;2019-05-23 09:05:40.375
cancel;78;;34;;2019-05-23 09:05:40.475
new;147;False;33;95.8;2019-05-23 09:05:40.475
new;148;False;250;96.1;2019-05-23 09:05:40.479
cancel;85;;63;;2019-05-23 09:05:40.585
new;149;False;63;95.95;2019-05-23 09:05:40.585
cancel;147;;33;;2019-05-23 09:05:42.035
new;150;False;34;96.3;2019-05-23 09:05:42.035
cancel;149;;63;;2019-05-23 09:05:42.059
new;151;False;63;96.0;2019-05-23 09:05:43.016
cancel;143;;330;;2019-05-23 09:05:44.707
new;152;False;340;95.85;2019-05-23 09:05:44.709
new;153;False;7;95.9;2019-05-23 09:05:44.709
new;154;True;7;95.55;2019-05-23 09:05:44.709
cancel;150;;34;;2019-05-23 09:06:07.688
new;155;False;34;95.8;2019-05-23 09:06:07.688
new;156;False;7;95.85;2019-05-23 09:06:07.690
cancel;152;;340;;2019-05-23 09:06:18.214
new;157;False;340;95.8;2019-05-23 09:06:18.216
new;158;False;7;95.8;2019-05-23 09:06:18.217
new;159;False;15;95.8;2019-05-23 09:06:23.542
cancel;113;;34;;2019-05-23 09:06:24.170
new;160;True;250;95.1;2019-05-23 09:06:24.170
cancel;154;;7;;2019-05-23 09:06:24.171
cancel;136;;63;;2019-05-23 09:06:24.195
new;161;True;63;95.4;2019-05-23 09:06:24.195
cancel;159;;15;;2019-05-23 09:06:24.198
cancel;80;;34;;2019-05-23 09:06:24.230
new;162;False;15;95.75;2019-05-23 09:06:24.230
new;163;False;34;95.75;2019-05-23 09:06:24.230
new;164;False;7;95.75;2019-05-23 09:06:24.232
cancel;151;;63;;2019-05-23 09:06:24.253
new;165;True;34;95.15;2019-05-23 09:06:24.768
cancel;157;;340;;2019-05-23 09:06:26.212
cancel;163;;34;;2019-05-23 09:06:26.820
cancel;164;;7;;2019-05-23 09:06:26.822
new;166;True;7;95.4;2019-05-23 09:06:26.822
new;167;False;63;95.9;2019-05-23 09:06:27.037
new;168;False;229;95.75;2019-05-23 09:06:53.037
new;169;False;31;95.75;2019-05-23 09:06:53.039
new;170;False;10;95.75;2019-05-23 09:06:53.039
new;171;True;7;95.45;2019-05-23 09:07:00.343
new;172;True;6;95.35;2019-05-23 09:07:00.343
new;173;True;7;95.3;2019-05-23 09:07:00.343
new;174;True;31;95.25;2019-05-23 09:07:00.343
new;175;True;6;95.2;2019-05-23 09:07:00.343
new;176;True;15;95.15;2019-05-23 09:07:00.343
cancel;117;;57;;2019-05-23 09:07:40.325
new;177;False;57;95.8;2019-05-23 09:07:40.325
new;178;False;12;96.0;2019-05-23 09:09:00.162
cancel;160;;250;;2019-05-23 09:09:05.338
new;179;True;32;95.6;2019-05-23 09:09:05.338
cancel;170;;10;;2019-05-23 09:09:05.339
new;180;True;16;95.55;2019-05-23 09:09:05.339
cancel;169;;31;;2019-05-23 09:09:05.339
new;181;True;24;95.6;2019-05-23 09:09:05.339
cancel;181;;24;;2019-05-23 09:09:15.338
new;182;False;32;95.75;2019-05-23 09:09:15.339
cancel;182;;32;;2019-05-23 09:09:15.360
modif;67;;50;;2019-05-23 09:09:36.617
new;183;False;22;95.75;2019-05-23 09:10:05.030
new;184;False;33;95.75;2019-05-23 09:10:05.033
cancel;184;;33;;2019-05-23 09:10:14.692
cancel;177;;57;;2019-05-23 09:10:19.329
new;185;False;57;95.75;2019-05-23 09:10:19.329
cancel;180;;16;;2019-05-23 09:10:19.329
new;186;False;17;95.75;2019-05-23 09:10:19.329
new;187;True;25;95.6;2019-05-23 09:10:20.198
new;188;False;33;95.75;2019-05-23 09:10:31.013
cancel;88;;34;;2019-05-23 09:10:31.024
cancel;94;;250;;2019-05-23 09:10:31.024
new;189;False;58;95.7;2019-05-23 09:10:31.024
new;190;False;11;95.7;2019-05-23 09:10:31.024
new;191;False;250;96.0;2019-05-23 09:10:31.024
new;192;True;1121;95.3;2019-05-23 09:10:31.061
new;193;False;1026;96.05;2019-05-23 09:10:31.061
new;194;True;203;95.45;2019-05-23 09:10:31.061
cancel;186;;17;;2019-05-23 09:10:31.061
new;195;False;213;95.9;2019-05-23 09:10:31.061
new;196;True;17;95.55;2019-05-23 09:10:31.062
new;197;True;44;95.55;2019-05-23 09:10:31.062
cancel;162;;15;;2019-05-23 09:10:31.062
new;198;False;41;95.8;2019-05-23 09:10:31.062
new;199;True;1;95.7;2019-05-23 09:10:31.073
cancel;197;;44;;2019-05-23 09:10:31.084
new;200;True;5;95.6;2019-05-23 09:10:31.297
cancel;179;;32;;2019-05-23 09:10:31.446
cancel;144;;836;;2019-05-23 09:10:32.034
cancel;165;;34;;2019-05-23 09:10:32.034
cancel;176;;15;;2019-05-23 09:10:32.034
new;201;True;67;95.65;2019-05-23 09:10:32.034
new;202;True;33;95.6;2019-05-23 09:10:32.034
new;203;False;67;95.65;2019-05-23 09:10:32.034
new;204;True;885;95.15;2019-05-23 09:10:32.035
cancel;89;;34;;2019-05-23 09:10:32.035
new;205;False;54;95.65;2019-05-23 09:10:32.035
cancel;196;;17;;2019-05-23 09:10:32.037
cancel;141;;7;;2019-05-23 09:10:32.037
cancel;189;;57;;2019-05-23 09:10:32.041
cancel;202;;33;;2019-05-23 09:10:32.041
cancel;167;;63;;2019-05-23 09:10:32.059
new;206;True;40;95.5;2019-05-23 09:10:32.068
cancel;161;;63;;2019-05-23 09:10:32.103
new;207;True;63;95.5;2019-05-23 09:10:32.103
new;208;True;33;95.6;2019-05-23 09:10:32.450
new;209;True;54;95.65;2019-05-23 09:10:32.455
new;210;False;34;96.15;2019-05-23 09:10:32.455
cancel;188;;33;;2019-05-23 09:10:32.472
cancel;207;;63;;2019-05-23 09:10:32.476
cancel;190;;11;;2019-05-23 09:10:32.517
new;211;False;870;96.2;2019-05-23 09:10:32.517
cancel;148;;250;;2019-05-23 09:10:32.519
cancel;198;;41;;2019-05-23 09:10:32.545
new;212;False;42;95.85;2019-05-23 09:10:33.640
new;213;False;63;95.9;2019-05-23 09:10:35.037
new;214;True;63;95.45;2019-05-23 09:10:35.037
new;215;True;33;95.4;2019-05-23 09:10:37.567
new;216;True;9;95.3;2019-05-23 09:10:37.567
cancel;204;;885;;2019-05-23 09:10:38.408
new;217;True;33;95.65;2019-05-23 09:10:38.408
new;218;True;17;95.55;2019-05-23 09:10:38.410
cancel;183;;22;;2019-05-23 09:10:38.411
cancel;155;;34;;2019-05-23 09:10:38.413
new;219;True;47;95.65;2019-05-23 09:10:38.414
cancel;206;;40;;2019-05-23 09:10:38.436
cancel;219;;47;;2019-05-23 09:10:38.497
new;220;False;33;95.8;2019-05-23 09:10:38.679
new;221;True;42;95.55;2019-05-23 09:10:39.620
new;222;True;47;95.65;2019-05-23 09:10:45.735
cancel;158;;7;;2019-05-23 09:10:45.736
new;223;True;17;95.6;2019-05-23 09:10:45.736
cancel;220;;33;;2019-05-23 09:11:00.746
new;224;False;34;96.25;2019-05-23 09:11:00.746
cancel;130;;34;;2019-05-23 09:11:01.038
cancel;175;;6;;2019-05-23 09:11:01.038
new;225;True;15;95.7;2019-05-23 09:11:01.038
new;226;True;250;95.4;2019-05-23 09:11:01.053
cancel;221;;42;;2019-05-23 09:11:01.079
cancel;214;;63;;2019-05-23 09:11:01.090
new;227;True;63;95.55;2019-05-23 09:11:01.090
new;228;True;43;95.6;2019-05-23 09:11:02.091
new;229;True;17;95.65;2019-05-23 09:11:02.277
new;230;True;65;95.75;2019-05-23 09:11:09.328
new;231;True;164;95.75;2019-05-23 09:11:09.328
new;232;True;57;95.75;2019-05-23 09:11:09.328
new;233;False;284;96.3;2019-05-23 09:11:09.328
cancel;104;;34;;2019-05-23 09:11:09.328
cancel;174;;31;;2019-05-23 09:11:09.328
new;234;True;221;95.75;2019-05-23 09:11:09.328
new;235;True;34;95.7;2019-05-23 09:11:09.328
cancel;156;;7;;2019-05-23 09:11:09.328
new;236;False;250;96.1;2019-05-23 09:11:09.328
cancel;191;;250;;2019-05-23 09:11:09.328
cancel;140;;33;;2019-05-23 09:11:09.328
new;237;True;17;95.7;2019-05-23 09:11:09.328
new;238;True;34;95.75;2019-05-23 09:11:09.329
cancel;166;;7;;2019-05-23 09:11:09.329
cancel;153;;7;;2019-05-23 09:11:09.329
new;239;True;11;95.7;2019-05-23 09:11:09.329
cancel;234;;221;;2019-05-23 09:11:09.346
cancel;228;;43;;2019-05-23 09:11:09.351
modif;211;;836;;2019-05-23 09:11:09.355
cancel;212;;42;;2019-05-23 09:11:09.355
new;240;False;33;96.35;2019-05-23 09:11:09.355
cancel;129;;33;;2019-05-23 09:11:09.355
cancel;236;;250;;2019-05-23 09:11:09.355
new;241;False;250;96.2;2019-05-23 09:11:09.355
cancel;213;;63;;2019-05-23 09:11:09.381
new;242;False;63;96.0;2019-05-23 09:11:09.381
cancel;146;;7;;2019-05-23 09:11:09.381
cancel;195;;213;;2019-05-23 09:11:09.389
new;243;True;11;95.75;2019-05-23 09:11:09.391
cancel;194;;203;;2019-05-23 09:11:09.408
new;244;False;11;95.9;2019-05-23 09:11:09.506
cancel;193;;1026;;2019-05-23 09:11:09.556
cancel;222;;47;;2019-05-23 09:11:09.857
cancel;242;;63;;2019-05-23 09:11:10.038
new;245;True;216;95.55;2019-05-23 09:11:10.441
new;246;False;205;96.1;2019-05-23 09:11:10.441
new;247;True;44;95.65;2019-05-23 09:11:10.441
new;248;False;43;96.0;2019-05-23 09:11:10.441
new;249;False;1046;96.25;2019-05-23 09:11:10.900
new;250;False;63;96.05;2019-05-23 09:11:12.037
cancel;243;;11;;2019-05-23 09:11:12.721
new;251;True;17;95.75;2019-05-23 09:11:12.722
new;252;False;17;96.05;2019-05-23 09:11:12.722
new;253;False;17;96.0;2019-05-23 09:11:17.299
new;254;True;11;95.75;2019-05-23 09:11:20.311
cancel;244;;11;;2019-05-23 09:11:20.311
new;255;False;22;95.9;2019-05-23 09:11:25.134
cancel;254;;11;;2019-05-23 09:11:25.135
new;256;False;100;95.9;2019-05-23 09:11:25.602
cancel;77;;34;;2019-05-23 09:11:30.036
cancel;134;;250;;2019-05-23 09:11:30.036
cancel;173;;7;;2019-05-23 09:11:30.036
cancel;192;;1121;;2019-05-23 09:11:30.036
cancel;216;;9;;2019-05-23 09:11:30.036
new;257;True;10;95.85;2019-05-23 09:11:30.036
cancel;171;;7;;2019-05-23 09:11:30.036
new;258;True;250;95.55;2019-05-23 09:11:30.056
cancel;247;;44;;2019-05-23 09:11:30.063
cancel;227;;63;;2019-05-23 09:11:30.066
new;259;True;63;95.7;2019-05-23 09:11:30.066
new;260;True;22;95.65;2019-05-23 09:11:30.097
new;261;True;22;95.6;2019-05-23 09:11:30.098
new;262;True;24;95.55;2019-05-23 09:11:30.098
new;263;True;836;95.35;2019-05-23 09:11:30.108
cancel;225;;15;;2019-05-23 09:11:30.270
cancel;79;;34;;2019-05-23 09:11:30.745
cancel;172;;6;;2019-05-23 09:11:30.745
cancel;263;;836;;2019-05-23 09:11:30.745
new;264;True;34;95.8;2019-05-23 09:11:30.745
new;265;False;611;96.25;2019-05-23 09:11:31.140
new;266;True;41;95.7;2019-05-23 09:11:31.140
cancel;142;;7;;2019-05-23 09:11:32.322
cancel;257;;10;;2019-05-23 09:11:59.271
new;267;True;876;95.35;2019-05-23 09:11:59.271
cancel;264;;34;;2019-05-23 09:11:59.289
new;268;True;1171;95.3;2019-05-23 09:11:59.289
cancel;238;;34;;2019-05-23 09:11:59.290
new;269;False;34;95.9;2019-05-23 09:11:59.290
cancel;258;;250;;2019-05-23 09:11:59.290
new;270;True;11;95.75;2019-05-23 09:11:59.290
cancel;266;;41;;2019-05-23 09:11:59.292
cancel;251;;17;;2019-05-23 09:11:59.293
new;271;False;19;95.95;2019-05-23 09:11:59.293
cancel;259;;63;;2019-05-23 09:11:59.298
new;272;True;63;95.65;2019-05-23 09:11:59.298
cancel;240;;33;;2019-05-23 09:11:59.299
new;273;False;62;95.85;2019-05-23 09:11:59.299
new;274;False;11;95.85;2019-05-23 09:11:59.301
cancel;272;;63;;2019-05-23 09:11:59.321
cancel;248;;43;;2019-05-23 09:11:59.344
cancel;270;;11;;2019-05-23 09:11:59.349
new;275;True;34;95.25;2019-05-23 09:11:59.349
cancel;239;;11;;2019-05-23 09:11:59.350
cancel;237;;17;;2019-05-23 09:11:59.364
new;276;False;34;95.85;2019-05-23 09:11:59.366
new;277;True;561;95.35;2019-05-23 09:11:59.379
modif;267;;836;;2019-05-23 09:11:59.401
modif;268;;7;;2019-05-23 09:12:00.403
modif;268;;9;;2019-05-23 09:12:00.403
new;278;True;45;95.6;2019-05-23 09:12:00.581
new;279;False;44;95.95;2019-05-23 09:12:00.581
cancel;276;;34;;2019-05-23 09:12:00.887
new;280;True;19;95.7;2019-05-23 09:12:00.887
new;281;True;63;95.55;2019-05-23 09:12:02.038
cancel;273;;62;;2019-05-23 09:12:02.044
cancel;275;;34;;2019-05-23 09:12:07.032
new;282;True;17;95.8;2019-05-23 09:12:07.032
modif;268;;1155;;2019-05-23 09:12:07.032
new;283;True;34;95.75;2019-05-23 09:12:07.032
new;284;True;19;95.75;2019-05-23 09:12:07.032
new;285;True;250;95.5;2019-05-23 09:12:07.057
cancel;278;;45;;2019-05-23 09:12:07.059
cancel;269;;34;;2019-05-23 09:12:07.089
new;286;False;17;95.8;2019-05-23 09:12:07.105
new;287;True;1155;95.3;2019-05-23 09:12:07.105
cancel;226;;250;;2019-05-23 09:12:07.105
new;288;False;34;95.9;2019-05-23 09:12:07.105
cancel;281;;63;;2019-05-23 09:12:07.105
new;289;True;63;95.65;2019-05-23 09:12:07.105
cancel;283;;34;;2019-05-23 09:12:07.279
cancel;284;;19;;2019-05-23 09:12:07.488
new;290;True;34;95.25;2019-05-23 09:12:07.488
cancel;285;;250;;2019-05-23 09:12:07.489
new;291;True;250;95.4;2019-05-23 09:12:07.489
new;292;False;57;95.85;2019-05-23 09:12:07.498
new;293;False;19;95.9;2019-05-23 09:12:07.498
cancel;289;;63;;2019-05-23 09:12:07.509
new;294;False;34;95.85;2019-05-23 09:12:07.570
cancel;235;;34;;2019-05-23 09:12:07.577
cancel;280;;19;;2019-05-23 09:12:07.580
new;295;True;1120;95.2;2019-05-23 09:12:07.580
cancel;245;;216;;2019-05-23 09:12:07.706
cancel;292;;57;;2019-05-23 09:12:07.820
cancel;233;;284;;2019-05-23 09:12:07.820
new;296;False;57;95.8;2019-05-23 09:12:07.820
new;297;False;11;95.8;2019-05-23 09:12:07.822
new;298;False;250;96.1;2019-05-23 09:12:07.822
cancel;250;;63;;2019-05-23 09:12:07.843
cancel;279;;44;;2019-05-23 09:12:07.855
cancel;246;;205;;2019-05-23 09:12:07.965
cancel;255;;22;;2019-05-23 09:12:08.145
new;299;True;43;95.55;2019-05-23 09:12:08.400
new;300;True;210;95.45;2019-05-23 09:12:08.759
new;301;False;42;95.9;2019-05-23 09:12:08.861
new;302;False;213;96.0;2019-05-23 09:12:09.321
new;303;False;63;95.95;2019-05-23 09:12:10.038
new;304;True;63;95.5;2019-05-23 09:12:10.038
cancel;296;;57;;2019-05-23 09:12:20.070
new;305;True;19;95.5;2019-05-23 09:12:20.070
cancel;295;;1120;;2019-05-23 09:12:28.375
new;306;True;34;95.7;2019-05-23 09:12:28.375
cancel;294;;34;;2019-05-23 09:12:28.375
cancel;299;;43;;2019-05-23 09:12:28.400
new;307;True;44;95.6;2019-05-23 09:12:29.561
cancel;297;;11;;2019-05-23 09:12:32.567
new;308;False;34;96.3;2019-05-23 09:12:32.567
new;309;True;19;95.7;2019-05-23 09:12:32.568
cancel;303;;63;;2019-05-23 09:12:32.590
new;310;False;63;96.0;2019-05-23 09:12:32.590
cancel;301;;42;;2019-05-23 09:12:32.596
new;311;False;43;96.05;2019-05-23 09:12:33.700
cancel;178;;12;;2019-05-23 09:12:45.551
cancel;256;;100;;2019-05-23 09:12:57.184
new;312;False;100;95.85;2019-05-23 09:12:57.184
new;313;False;31;95.85;2019-05-23 09:13:03.214
cancel;306;;34;;2019-05-23 09:13:03.217
cancel;309;;19;;2019-05-23 09:13:03.217
new;314;True;1120;95.2;2019-05-23 09:13:03.217
cancel;308;;34;;2019-05-23 09:13:03.218
new;315;False;31;95.8;2019-05-23 09:13:03.218
new;316;False;18;95.85;2019-05-23 09:13:03.218
new;317;False;11;95.8;2019-05-23 09:13:03.219
cancel;307;;44;;2019-05-23 09:13:03.244
cancel;311;;43;;2019-05-23 09:13:03.244
new;318;True;44;95.55;2019-05-23 09:13:04.521
new;319;False;44;95.9;2019-05-23 09:13:04.521
cancel;315;;31;;2019-05-23 09:13:17.406
new;320;False;31;95.8;2019-05-23 09:13:28.410
cancel;320;;31;;2019-05-23 09:13:32.804
cancel;312;;100;;2019-05-23 09:13:36.618
new;321;False;100;95.8;2019-05-23 09:13:36.618
cancel;229;;17;;2019-05-23 09:13:36.619
new;322;False;32;95.8;2019-05-23 09:13:48.345
cancel;322;;32;;2019-05-23 09:13:58.234
cancel;321;;100;;2019-05-23 09:14:11.022
new;323;False;34;95.85;2019-05-23 09:14:26.046
new;324;True;78;95.65;2019-05-23 09:14:57.207
new;325;True;15;95.65;2019-05-23 09:14:57.208
cancel;317;;11;;2019-05-23 09:14:57.208
new;326;False;34;96.3;2019-05-23 09:14:57.208
new;327;True;11;95.65;2019-05-23 09:14:57.209
cancel;319;;44;;2019-05-23 09:14:57.257
cancel;314;;1120;;2019-05-23 09:14:57.750
new;328;True;33;95.7;2019-05-23 09:14:57.750
cancel;316;;18;;2019-05-23 09:14:57.751
cancel;324;;78;;2019-05-23 09:14:57.756
new;329;True;78;95.7;2019-05-23 09:14:57.756
cancel;318;;44;;2019-05-23 09:14:57.776
new;330;False;47;96.05;2019-05-23 09:14:58.600
new;331;True;48;95.6;2019-05-23 09:14:59.060
cancel;313;;31;;2019-05-23 09:15:00.256
new;332;True;11;95.7;2019-05-23 09:15:00.257
cancel;274;;11;;2019-05-23 09:15:00.257
new;333;False;33;95.85;2019-05-23 09:15:00.279
cancel;332;;11;;2019-05-23 09:15:00.280
cancel;333;;33;;2019-05-23 09:15:01.102
new;334;True;11;95.7;2019-05-23 09:15:01.104
new;335;True;70;95.65;2019-05-23 09:15:01.105
new;336;False;70;95.9;2019-05-23 09:15:01.105
cancel;330;;47;;2019-05-23 09:15:01.252
cancel;329;;78;;2019-05-23 09:15:01.330
cancel;290;;34;;2019-05-23 09:15:01.330
new;337;True;68;95.75;2019-05-23 09:15:01.330
cancel;304;;63;;2019-05-23 09:15:01.354
new;338;True;63;95.6;2019-05-23 09:15:01.354
cancel;331;;48;;2019-05-23 09:15:01.355
new;339;True;15;95.7;2019-05-23 09:15:01.505
new;340;True;47;95.75;2019-05-23 09:15:01.668
cancel;241;;250;;2019-05-23 09:15:01.696
new;341;True;33;95.75;2019-05-23 09:15:01.696
cancel;288;;34;;2019-05-23 09:15:01.716
cancel;336;;70;;2019-05-23 09:15:01.718
cancel;327;;11;;2019-05-23 09:15:02.019
cancel;300;;210;;2019-05-23 09:15:02.044
cancel;293;;19;;2019-05-23 09:15:02.209
new;342;False;46;95.95;2019-05-23 09:15:02.305
new;343;False;70;95.95;2019-05-23 09:15:02.305
new;344;True;48;95.65;2019-05-23 09:15:02.787
new;345;True;206;95.55;2019-05-23 09:15:02.826
new;346;False;33;95.9;2019-05-23 09:15:02.885
cancel;346;;33;;2019-05-23 09:15:04.142
new;347;True;67;95.4;2019-05-23 09:15:07.800
new;348;False;67;96.2;2019-05-23 09:15:07.800
new;349;False;33;95.9;2019-05-23 09:15:10.884
new;350;False;63;95.9;2019-05-23 09:15:10.889
new;351;True;23;95.85;2019-05-23 09:15:11.313
cancel;349;;33;;2019-05-23 09:15:11.313
new;352;True;15;95.75;2019-05-23 09:15:11.313
new;353;False;33;95.9;2019-05-23 09:15:11.334
cancel;323;;11;;2019-05-23 09:15:11.341
new;354;False;33;96.35;2019-05-23 09:15:11.341
cancel;298;;250;;2019-05-23 09:15:11.343
new;355;False;250;96.2;2019-05-23 09:15:11.343
cancel;310;;63;;2019-05-23 09:15:11.364
new;356;False;63;96.05;2019-05-23 09:15:11.364
cancel;342;;46;;2019-05-23 09:15:11.388
cancel;353;;33;;2019-05-23 09:15:11.400
cancel;302;;213;;2019-05-23 09:15:11.426
new;357;False;45;96.0;2019-05-23 09:15:12.730
new;358;False;203;96.1;2019-05-23 09:15:12.820
new;359;False;63;95.95;2019-05-23 09:15:15.903
cancel;261;;22;;2019-05-23 09:15:26.718
cancel;215;;33;;2019-05-23 09:15:26.718
new;360;True;10;95.6;2019-05-23 09:15:26.718
new;361;True;5;95.4;2019-05-23 09:15:26.719
new;362;False;11;95.9;2019-05-23 09:15:29.971
cancel;340;;47;;2019-05-23 09:15:29.973
new;363;False;33;95.9;2019-05-23 09:15:29.973
cancel;287;;1155;;2019-05-23 09:15:30.170
new;364;True;150;95.8;2019-05-23 09:15:30.170
cancel;363;;33;;2019-05-23 09:15:30.170
new;365;True;250;95.5;2019-05-23 09:15:30.172
cancel;347;;67;;2019-05-23 09:15:30.191
new;366;True;67;95.45;2019-05-23 09:15:30.191
cancel;344;;48;;2019-05-23 09:15:30.201
new;367;True;49;95.7;2019-05-23 09:15:31.260
new;368;True;33;95.8;2019-05-23 09:15:32.030
new;369;True;80;95.75;2019-05-23 09:15:32.031
cancel;362;;11;;2019-05-23 09:15:32.032
cancel;368;;33;;2019-05-23 09:15:34.530
cancel;369;;80;;2019-05-23 09:15:34.532
new;370;False;11;95.9;2019-05-23 09:15:34.546
cancel;370;;11;;2019-05-23 09:15:39.473
new;371;True;33;95.8;2019-05-23 09:15:47.453
cancel;371;;33;;2019-05-23 09:15:48.629
cancel;56;;32;;2019-05-23 09:15:59.877
modif;267;;6;;2019-05-23 09:16:00.379
cancel;366;;67;;2019-05-23 09:16:01.964
cancel;348;;67;;2019-05-23 09:16:01.966
new;372;False;11;95.9;2019-05-23 09:16:07.974
new;373;False;33;95.9;2019-05-23 09:16:44.749
cancel;337;;68;;2019-05-23 09:16:44.762
new;374;False;117;95.8;2019-05-23 09:16:44.768
cancel;341;;33;;2019-05-23 09:16:44.769
cancel;354;;33;;2019-05-23 09:16:44.769
new;375;False;130;95.85;2019-05-23 09:16:44.769
new;376;False;33;95.8;2019-05-23 09:16:44.769
new;377;True;1155;95.3;2019-05-23 09:16:44.770
cancel;326;;34;;2019-05-23 09:16:44.771
new;378;False;26;95.8;2019-05-23 09:16:44.771
new;379;False;142;95.8;2019-05-23 09:16:44.772
new;380;False;26;95.8;2019-05-23 09:16:44.772
new;381;False;18;95.85;2019-05-23 09:16:44.772
cancel;291;;250;;2019-05-23 09:16:44.772
new;382;False;34;95.85;2019-05-23 09:16:44.775
new;383;False;80;95.85;2019-05-23 09:16:44.775
new;384;False;11;95.8;2019-05-23 09:16:44.775
new;385;False;250;96.1;2019-05-23 09:16:44.775
cancel;357;;45;;2019-05-23 09:16:44.796
cancel;367;;49;;2019-05-23 09:16:44.799
new;386;False;95;95.8;2019-05-23 09:16:44.824
cancel;334;;11;;2019-05-23 09:16:44.824
cancel;328;;33;;2019-05-23 09:16:44.843
new;387;False;12;95.75;2019-05-23 09:16:44.880
new;388;False;3;95.75;2019-05-23 09:16:44.882
new;389;True;34;95.25;2019-05-23 09:16:44.882
cancel;224;;34;;2019-05-23 09:16:44.882
cancel;249;;1046;;2019-05-23 09:16:44.882
cancel;265;;611;;2019-05-23 09:16:44.882
new;390;False;190;95.75;2019-05-23 09:16:44.882
new;391;True;250;95.4;2019-05-23 09:16:44.882
cancel;365;;250;;2019-05-23 09:16:44.882
cancel;335;;70;;2019-05-23 09:16:44.882
new;392;False;16;95.75;2019-05-23 09:16:44.882
new;393;False;34;95.8;2019-05-23 09:16:44.883
cancel;358;;203;;2019-05-23 09:16:44.903
cancel;338;;63;;2019-05-23 09:16:44.905
cancel;359;;63;;2019-05-23 09:16:44.939
new;394;False;63;95.8;2019-05-23 09:16:44.941
cancel;372;;11;;2019-05-23 09:16:45.062
cancel;356;;63;;2019-05-23 09:16:45.131
new;395;False;63;95.95;2019-05-23 09:16:45.131
cancel;339;;15;;2019-05-23 09:16:45.206
new;396;True;1120;95.2;2019-05-23 09:16:45.206
cancel;350;;63;;2019-05-23 09:16:45.269
new;397;False;17;95.9;2019-05-23 09:16:45.407
new;398;True;80;95.6;2019-05-23 09:16:45.425
cancel;381;;18;;2019-05-23 09:16:45.565
cancel;325;;15;;2019-05-23 09:16:45.707
cancel;345;;206;;2019-05-23 09:16:45.759
new;399;False;63;95.8;2019-05-23 09:16:45.766
cancel;217;;33;;2019-05-23 09:16:45.798
cancel;398;;80;;2019-05-23 09:16:45.798
new;400;True;48;95.55;2019-05-23 09:16:45.825
new;401;False;50;95.85;2019-05-23 09:16:45.825
new;402;False;202;95.95;2019-05-23 09:16:46.241
new;403;True;221;95.45;2019-05-23 09:16:46.300
new;404;True;63;95.5;2019-05-23 09:16:47.015
cancel;380;;26;;2019-05-23 09:16:47.795
new;405;True;80;95.55;2019-05-23 09:16:47.796
new;406;True;63;95.3;2019-05-23 09:16:47.816
new;407;False;63;96.1;2019-05-23 09:16:47.816
cancel;378;;26;;2019-05-23 09:16:47.818
cancel;379;;142;;2019-05-23 09:16:47.838
cancel;386;;95;;2019-05-23 09:16:47.916
new;408;False;1032;96.05;2019-05-23 09:16:48.021
new;409;True;34;95.65;2019-05-23 09:16:57.771
new;410;False;17;95.85;2019-05-23 09:16:57.773
cancel;392;;16;;2019-05-23 09:16:57.773
cancel;390;;190;;2019-05-23 09:16:57.776
new;411;False;645;96.25;2019-05-23 09:16:57.776
cancel;393;;34;;2019-05-23 09:16:57.776
new;412;True;68;95.65;2019-05-23 09:16:57.802
cancel;401;;50;;2019-05-23 09:16:57.802
new;413;False;47;95.9;2019-05-23 09:16:59.120
cancel;412;;68;;2019-05-23 09:16:59.126
new;414;True;68;95.65;2019-05-23 09:16:59.130
cancel;396;;1120;;2019-05-23 09:17:05.255
new;415;True;34;95.7;2019-05-23 09:17:05.255
new;416;True;17;95.65;2019-05-23 09:17:05.256
new;417;True;80;95.7;2019-05-23 09:17:05.256
new;418;True;80;95.65;2019-05-23 09:17:05.256
new;419;True;75;95.7;2019-05-23 09:17:05.256
cancel;406;;63;;2019-05-23 09:17:05.256
new;420;True;63;95.35;2019-05-23 09:17:05.256
cancel;382;;34;;2019-05-23 09:17:05.256
cancel;400;;48;;2019-05-23 09:17:05.258
cancel;410;;17;;2019-05-23 09:17:05.259
cancel;417;;80;;2019-05-23 09:17:05.402
new;421;True;50;95.6;2019-05-23 09:17:06.480
new;422;False;34;95.85;2019-05-23 09:17:07.081
new;423;True;523;95.4;2019-05-23 09:17:11.944
new;424;False;523;96.1;2019-05-23 09:17:11.949
new;425;True;32;95.6;2019-05-23 09:17:12.080
new;426;False;32;95.9;2019-05-23 09:17:12.080
new;427;True;32;95.6;2019-05-23 09:17:12.080
new;428;False;32;95.9;2019-05-23 09:17:12.080
new;429;True;32;95.55;2019-05-23 09:17:13.581
new;430;False;32;95.95;2019-05-23 09:17:13.581
new;431;True;32;95.55;2019-05-23 09:17:13.581
new;432;False;32;95.95;2019-05-23 09:17:13.581
new;433;True;32;95.5;2019-05-23 09:17:15.080
new;434;False;32;96.0;2019-05-23 09:17:15.080
new;435;True;32;95.5;2019-05-23 09:17:15.080
new;436;False;32;96.0;2019-05-23 09:17:15.080
cancel;415;;34;;2019-05-23 09:17:34.426
new;437;False;17;95.85;2019-05-23 09:17:34.427
cancel;414;;68;;2019-05-23 09:17:45.110
new;438;True;91;95.7;2019-05-23 09:17:45.110
new;439;True;31;95.7;2019-05-23 09:17:45.112
cancel;438;;91;;2019-05-23 09:17:45.115
new;440;True;91;95.7;2019-05-23 09:17:45.127
cancel;420;;63;;2019-05-23 09:17:46.582
cancel;407;;63;;2019-05-23 09:17:46.584
cancel;440;;91;;2019-05-23 09:18:16.590
cancel;439;;31;;2019-05-23 09:18:16.590
new;441;True;77;95.7;2019-05-23 09:18:16.597
new;442;True;86;95.7;2019-05-23 09:18:16.635
new;443;True;31;95.7;2019-05-23 09:18:16.636
new;444;True;66;95.35;2019-05-23 09:18:41.210
new;445;False;66;96.15;2019-05-23 09:18:41.210
cancel;443;;31;;2019-05-23 09:18:49.970
new;446;True;32;95.7;2019-05-23 09:18:50.114
new;447;True;11;95.8;2019-05-23 09:18:50.121
new;448;True;63;95.8;2019-05-23 09:18:50.121
new;449;True;63;95.8;2019-05-23 09:18:50.121
new;450;False;34;96.3;2019-05-23 09:18:50.121
cancel;422;;34;;2019-05-23 09:18:50.121
cancel;389;;34;;2019-05-23 09:18:50.123
new;451;True;63;95.8;2019-05-23 09:18:50.123
cancel;451;;63;;2019-05-23 09:18:50.123
new;452;True;34;95.25;2019-05-23 09:18:50.123
cancel;437;;17;;2019-05-23 09:18:50.123
cancel;383;;80;;2019-05-23 09:18:50.123
cancel;452;;34;;2019-05-23 09:18:50.123
new;453;True;32;95.75;2019-05-23 09:18:50.123
new;454;True;19;95.7;2019-05-23 09:18:50.123
cancel;375;;130;;2019-05-23 09:18:50.123
new;455;False;33;96.35;2019-05-23 09:18:50.123
cancel;455;;33;;2019-05-23 09:18:50.123
new;456;False;16;95.85;2019-05-23 09:18:50.123
cancel;423;;523;;2019-05-23 09:18:50.123
new;457;True;523;95.45;2019-05-23 09:18:50.123
cancel;428;;32;;2019-05-23 09:18:50.123
cancel;426;;32;;2019-05-23 09:18:50.123
new;458;False;18;95.9;2019-05-23 09:18:50.123
new;459;True;32;95.65;2019-05-23 09:18:50.124
new;460;True;32;95.65;2019-05-23 09:18:50.124
cancel;441;;77;;2019-05-23 09:18:50.132
cancel;444;;66;;2019-05-23 09:18:50.143
new;461;True;66;95.4;2019-05-23 09:18:50.143
cancel;404;;63;;2019-05-23 09:18:50.145
cancel;355;;250;;2019-05-23 09:18:50.148
cancel;395;;63;;2019-05-23 09:18:50.149
new;462;False;63;96.0;2019-05-23 09:18:50.149
cancel;413;;47;;2019-05-23 09:18:50.151
cancel;421;;50;;2019-05-23 09:18:50.151
cancel;450;;34;;2019-05-23 09:18:50.155
new;463;False;8;95.8;2019-05-23 09:18:50.155
new;464;False;8;95.8;2019-05-23 09:18:50.155
cancel;462;;63;;2019-05-23 09:18:50.177
cancel;464;;8;;2019-05-23 09:18:50.186
cancel;463;;8;;2019-05-23 09:18:50.186
new;465;False;34;96.3;2019-05-23 09:18:50.186
cancel;456;;16;;2019-05-23 09:18:50.187
new;466;False;33;96.35;2019-05-23 09:18:50.187
cancel;385;;250;;2019-05-23 09:18:50.187
new;467;False;250;96.2;2019-05-23 09:18:50.187
cancel;397;;17;;2019-05-23 09:18:50.187
cancel;403;;221;;2019-05-23 09:18:50.299
cancel;402;;202;;2019-05-23 09:18:50.299
cancel;408;;1032;;2019-05-23 09:18:50.440
new;468;True;208;95.55;2019-05-23 09:18:51.361
new;469;False;205;96.05;2019-05-23 09:18:51.361
new;470;True;52;95.65;2019-05-23 09:18:51.361
new;471;False;51;96.05;2019-05-23 09:18:51.361
new;472;False;1093;96.2;2019-05-23 09:18:51.820
new;473;True;32;95.7;2019-05-23 09:18:53.031
new;474;False;63;96.05;2019-05-23 09:18:53.038
new;475;True;63;95.55;2019-05-23 09:18:53.038
cancel;471;;51;;2019-05-23 09:18:53.344
new;476;False;19;95.9;2019-05-23 09:18:53.346
new;477;False;32;96.05;2019-05-23 09:18:54.129
new;478;False;32;96.05;2019-05-23 09:18:54.129
new;479;False;53;96.0;2019-05-23 09:18:54.580
new;480;False;32;96.1;2019-05-23 09:18:55.635
new;481;False;32;96.1;2019-05-23 09:18:55.636
cancel;373;;33;;2019-05-23 09:19:12.741
new;482;True;15;95.75;2019-05-23 09:19:12.743
cancel;432;;32;;2019-05-23 09:19:12.745
cancel;482;;15;;2019-05-23 09:19:12.795
cancel;461;;66;;2019-05-23 09:19:23.497
cancel;445;;66;;2019-05-23 09:19:23.499
new;483;True;15;95.75;2019-05-23 09:19:29.128
modif;377;;1121;;2019-05-23 09:19:40.120
new;484;True;1066;95.5;2019-05-23 09:19:41.500
new;485;True;68;95.4;2019-05-23 09:19:42.745
new;486;False;68;96.25;2019-05-23 09:19:42.745
new;487;True;80;95.75;2019-05-23 09:19:43.339
cancel;476;;19;;2019-05-23 09:19:43.341
new;488;True;19;95.75;2019-05-23 09:19:43.341
cancel;458;;18;;2019-05-23 09:19:43.341
modif;377;;34;;2019-05-23 09:19:43.419
new;489;True;32;95.8;2019-05-23 09:19:43.419
new;490;True;80;95.8;2019-05-23 09:19:43.419
cancel;457;;523;;2019-05-23 09:19:43.420
new;491;True;523;95.5;2019-05-23 09:19:43.420
new;492;True;32;95.7;2019-05-23 09:19:43.421
new;493;True;250;95.5;2019-05-23 09:19:43.423
cancel;470;;52;;2019-05-23 09:19:43.442
cancel;475;;63;;2019-05-23 09:19:43.447
new;494;True;63;95.65;2019-05-23 09:19:43.447
new;495;True;14;95.8;2019-05-23 09:19:43.453
new;496;True;53;95.7;2019-05-23 09:19:44.720
cancel;343;;70;;2019-05-23 09:19:44.721
cancel;490;;80;;2019-05-23 09:19:44.741
cancel;485;;68;;2019-05-23 09:19:44.742
new;497;True;68;95.45;2019-05-23 09:19:44.742
cancel;495;;14;;2019-05-23 09:19:44.759
new;498;False;80;95.95;2019-05-23 09:19:47.939
cancel;497;;68;;2019-05-23 09:20:14.240
cancel;486;;68;;2019-05-23 09:20:14.242
new;499;True;10;95.6;2019-05-23 09:20:19.957
new;500;False;16;95.9;2019-05-23 09:20:25.266
cancel;489;;32;;2019-05-23 09:20:25.268
new;501;True;34;95.3;2019-05-23 09:20:25.268
cancel;391;;250;;2019-05-23 09:20:25.268
new;502;False;32;95.9;2019-05-23 09:20:25.268
cancel;492;;32;;2019-05-23 09:20:25.268
cancel;494;;63;;2019-05-23 09:20:25.293
new;503;True;63;95.6;2019-05-23 09:20:25.293
cancel;496;;53;;2019-05-23 09:20:25.297
new;504;True;51;95.65;2019-05-23 09:20:26.580
new;505;True;65;95.4;2019-05-23 09:20:28.905
new;506;False;65;96.25;2019-05-23 09:20:28.905
new;507;False;32;95.95;2019-05-23 09:20:44.161
cancel;487;;80;;2019-05-23 09:20:44.181
new;508;False;17;95.9;2019-05-23 09:20:44.182
cancel;488;;19;;2019-05-23 09:20:44.183
cancel;483;;15;;2019-05-23 09:20:44.183
cancel;502;;32;;2019-05-23 09:21:16.259
new;509;True;80;95.75;2019-05-23 09:21:16.261
cancel;508;;17;;2019-05-23 09:21:16.261
new;510;True;17;95.75;2019-05-23 09:21:16.261
cancel;501;;34;;2019-05-23 09:21:16.261
new;511;True;33;95.8;2019-05-23 09:21:16.261
new;512;True;80;95.8;2019-05-23 09:21:16.261
cancel;507;;32;;2019-05-23 09:21:16.261
cancel;430;;32;;2019-05-23 09:21:16.261
new;513;True;32;95.7;2019-05-23 09:21:16.264
cancel;498;;80;;2019-05-23 09:21:16.281
cancel;505;;65;;2019-05-23 09:21:16.281
new;514;True;65;95.45;2019-05-23 09:21:16.281
cancel;504;;51;;2019-05-23 09:21:16.284
cancel;500;;16;;2019-05-23 09:21:16.329
new;515;True;57;95.7;2019-05-23 09:21:17.640
new;516;False;80;96.0;2019-05-23 09:21:17.641
new;517;True;150;95.8;2019-05-23 09:21:23.840
cancel;101;;34;;2019-05-23 09:21:29.471
new;518;True;57;95.9;2019-05-23 09:21:29.472
modif;267;;34;;2019-05-23 09:21:29.472
cancel;277;;561;;2019-05-23 09:21:29.472
new;519;False;1181;96.4;2019-05-23 09:21:29.472
new;520;True;8;95.9;2019-05-23 09:21:29.472
cancel;87;;34;;2019-05-23 09:21:29.472
cancel;361;;5;;2019-05-23 09:21:29.472
new;521;True;33;95.85;2019-05-23 09:21:29.472
new;522;True;61;95.9;2019-05-23 09:21:29.473
cancel;271;;19;;2019-05-23 09:21:29.473
new;523;False;523;96.45;2019-05-23 09:21:29.473
cancel;516;;80;;2019-05-23 09:21:29.474
new;524;True;17;95.8;2019-05-23 09:21:29.474
cancel;305;;19;;2019-05-23 09:21:29.474
new;525;True;250;95.6;2019-05-23 09:21:29.474
new;526;False;18;96.0;2019-05-23 09:21:29.475
cancel;491;;523;;2019-05-23 09:21:29.475
new;527;True;523;95.6;2019-05-23 09:21:29.475
cancel;424;;523;;2019-05-23 09:21:29.475
new;528;False;523;96.3;2019-05-23 09:21:29.475
cancel;523;;523;;2019-05-23 09:21:29.475
new;529;False;523;96.65;2019-05-23 09:21:29.475
cancel;436;;32;;2019-05-23 09:21:29.476
cancel;434;;32;;2019-05-23 09:21:29.477
cancel;478;;32;;2019-05-23 09:21:29.479
new;530;True;32;95.8;2019-05-23 09:21:29.482
new;531;True;32;95.8;2019-05-23 09:21:29.482
cancel;467;;250;;2019-05-23 09:21:29.491
cancel;99;;34;;2019-05-23 09:21:29.491
new;532;False;250;96.3;2019-05-23 09:21:29.491
new;533;True;33;95.9;2019-05-23 09:21:29.491
cancel;218;;17;;2019-05-23 09:21:29.493
new;534;True;80;95.85;2019-05-23 09:21:29.493
cancel;514;;65;;2019-05-23 09:21:29.493
new;535;True;65;95.5;2019-05-23 09:21:29.493
cancel;515;;57;;2019-05-23 09:21:29.495
cancel;253;;17;;2019-05-23 09:21:29.495
cancel;479;;53;;2019-05-23 09:21:29.498
cancel;503;;63;;2019-05-23 09:21:29.513
new;536;True;63;95.75;2019-05-23 09:21:29.513
cancel;474;;63;;2019-05-23 09:21:29.514
new;537;False;63;96.1;2019-05-23 09:21:29.514
cancel;145;;7;;2019-05-23 09:21:29.550
new;538;True;12;95.75;2019-05-23 09:21:29.550
cancel;469;;205;;2019-05-23 09:21:29.550
new;539;True;25;95.7;2019-05-23 09:21:29.550
cancel;468;;208;;2019-05-23 09:21:29.573
cancel;472;;1093;;2019-05-23 09:21:29.751
cancel;529;;523;;2019-05-23 09:21:29.768
new;540;False;33;96.45;2019-05-23 09:21:29.768
cancel;537;;63;;2019-05-23 09:21:30.037
new;541;False;80;96.1;2019-05-23 09:21:30.037
new;542;True;54;95.8;2019-05-23 09:21:30.520
new;543;False;55;96.1;2019-05-23 09:21:30.520
new;544;False;1298;96.35;2019-05-23 09:21:30.980
new;545;True;207;95.7;2019-05-23 09:21:30.980
new;546;False;206;96.2;2019-05-23 09:21:30.980
new;547;True;32;95.75;2019-05-23 09:21:30.981
new;548;True;32;95.75;2019-05-23 09:21:30.981
cancel;533;;33;;2019-05-23 09:21:31.080
new;549;False;17;96.15;2019-05-23 09:21:31.082
cancel;535;;65;;2019-05-23 09:21:31.101
new;550;True;65;95.55;2019-05-23 09:21:31.101
new;551;False;63;96.15;2019-05-23 09:21:32.038
cancel;522;;61;;2019-05-23 09:21:32.499
new;552;True;17;95.85;2019-05-23 09:21:32.499
cancel;520;;8;;2019-05-23 09:21:32.517
new;553;True;870;95.4;2019-05-23 09:21:32.517
cancel;493;;250;;2019-05-23 09:21:32.518
cancel;531;;32;;2019-05-23 09:21:32.518
cancel;536;;63;;2019-05-23 09:21:32.540
cancel;542;;54;;2019-05-23 09:21:32.544
new;554;False;32;96.15;2019-05-23 09:21:33.473
new;555;False;32;96.15;2019-05-23 09:21:33.473
new;556;False;33;96.0;2019-05-23 09:21:33.493
new;557;False;17;96.1;2019-05-23 09:21:33.493
cancel;552;;17;;2019-05-23 09:21:33.497
cancel;556;;33;;2019-05-23 09:21:33.633
new;558;True;14;95.85;2019-05-23 09:21:33.636
cancel;526;;18;;2019-05-23 09:21:33.636
new;559;False;523;96.65;2019-05-23 09:21:33.636
cancel;559;;523;;2019-05-23 09:21:33.636
new;560;False;250;96.6;2019-05-23 09:21:33.636
modif;519;;250;;2019-05-23 09:21:33.636
new;561;False;16;96.05;2019-05-23 09:21:33.636
cancel;506;;65;;2019-05-23 09:21:33.656
new;562;False;65;96.4;2019-05-23 09:21:33.656
new;563;True;56;95.75;2019-05-23 09:21:33.657
cancel;551;;63;;2019-05-23 09:21:33.657
cancel;543;;55;;2019-05-23 09:21:33.661
modif;519;;836;;2019-05-23 09:21:33.670
cancel;560;;250;;2019-05-23 09:21:33.719
new;564;False;836;96.55;2019-05-23 09:21:33.719
new;565;False;63;96.2;2019-05-23 09:21:34.038
new;566;True;63;95.7;2019-05-23 09:21:34.038
cancel;558;;14;;2019-05-23 09:21:34.222
new;567;False;32;96.2;2019-05-23 09:21:34.979
new;568;False;32;96.2;2019-05-23 09:21:34.979
new;569;False;56;96.15;2019-05-23 09:21:35.120
new;570;False;32;96.25;2019-05-23 09:21:36.487
new;571;False;32;96.25;2019-05-23 09:21:36.487
new;572;True;32;95.8;2019-05-23 09:21:39.184
new;573;True;17;95.85;2019-05-23 09:21:39.208
new;574;False;17;96.2;2019-05-23 09:21:39.208
new;575;True;14;95.85;2019-05-23 09:21:41.913
cancel;550;;65;;2019-05-23 09:21:42.093
cancel;562;;65;;2019-05-23 09:21:42.095
cancel;575;;14;;2019-05-23 09:21:50.607
cancel;572;;32;;2019-05-23 09:21:52.918
new;576;True;14;95.85;2019-05-23 09:21:55.181
new;577;True;11;95.75;2019-05-23 09:22:00.370
cancel;564;;836;;2019-05-23 09:22:01.339
new;578;False;34;96.0;2019-05-23 09:22:01.339
cancel;534;;80;;2019-05-23 09:22:01.340
new;579;False;90;96.0;2019-05-23 09:22:01.340
cancel;573;;17;;2019-05-23 09:22:01.340
new;580;False;17;96.0;2019-05-23 09:22:01.340
new;581;False;80;96.0;2019-05-23 09:22:01.340
new;582;False;17;96.0;2019-05-23 09:22:01.340
cancel;521;;33;;2019-05-23 09:22:01.340
cancel;576;;14;;2019-05-23 09:22:01.340
new;583;True;595;95.35;2019-05-23 09:22:01.340
cancel;525;;250;;2019-05-23 09:22:01.342
new;584;True;250;95.5;2019-05-23 09:22:01.342
cancel;569;;56;;2019-05-23 09:22:01.342
cancel;524;;17;;2019-05-23 09:22:01.343
new;585;False;32;96.05;2019-05-23 09:22:01.343
new;586;False;32;96.0;2019-05-23 09:22:01.343
cancel;566;;63;;2019-05-23 09:22:01.368
new;587;True;63;95.65;2019-05-23 09:22:01.368
cancel;563;;56;;2019-05-23 09:22:01.371
cancel;545;;207;;2019-05-23 09:22:01.419
new;588;True;207;95.6;2019-05-23 09:22:02.721
new;589;True;57;95.7;2019-05-23 09:22:02.721
new;590;False;53;96.1;2019-05-23 09:22:02.721
cancel;583;;595;;2019-05-23 09:22:16.420
new;591;True;34;95.85;2019-05-23 09:22:16.420
new;592;True;90;95.85;2019-05-23 09:22:16.420
new;593;True;17;95.8;2019-05-23 09:22:16.420
cancel;586;;32;;2019-05-23 09:22:16.421
cancel;578;;34;;2019-05-23 09:22:16.421
cancel;581;;80;;2019-05-23 09:22:16.440
cancel;579;;90;;2019-05-23 09:22:16.440
cancel;582;;17;;2019-05-23 09:22:16.440
cancel;589;;57;;2019-05-23 09:22:16.442
new;594;True;80;95.85;2019-05-23 09:22:16.467
cancel;553;;870;;2019-05-23 09:22:16.469
new;595;True;34;95.9;2019-05-23 09:22:16.469
cancel;585;;32;;2019-05-23 09:22:16.469
new;596;True;250;95.6;2019-05-23 09:22:16.471
new;597;True;32;95.8;2019-05-23 09:22:16.473
cancel;587;;63;;2019-05-23 09:22:16.496
new;598;True;63;95.75;2019-05-23 09:22:16.496
cancel;588;;207;;2019-05-23 09:22:16.980
new;599;True;55;95.8;2019-05-23 09:22:17.900
new;600;True;218;95.7;2019-05-23 09:22:18.361
new;601;True;17;95.85;2019-05-23 09:22:25.574
new;602;True;68;95.55;2019-05-23 09:22:30.176
new;603;False;68;96.35;2019-05-23 09:22:30.176
cancel;595;;34;;2019-05-23 09:22:35.900
new;604;True;870;95.4;2019-05-23 09:22:35.900
cancel;584;;250;;2019-05-23 09:22:35.900
cancel;597;;32;;2019-05-23 09:22:35.901
new;605;False;32;96.05;2019-05-23 09:22:35.908
cancel;599;;55;;2019-05-23 09:22:35.928
cancel;598;;63;;2019-05-23 09:22:35.928
new;606;True;63;95.7;2019-05-23 09:22:35.928
new;607;True;53;95.75;2019-05-23 09:22:37.220
new;608;False;343;96.0;2019-05-23 09:22:39.772
new;609;False;34;96.0;2019-05-23 09:22:39.772
new;610;False;17;96.0;2019-05-23 09:22:39.772
cancel;592;;90;;2019-05-23 09:22:39.773
cancel;594;;80;;2019-05-23 09:22:39.773
cancel;601;;17;;2019-05-23 09:22:39.774
new;611;False;80;96.0;2019-05-23 09:22:39.775
cancel;591;;34;;2019-05-23 09:22:40.593
new;612;True;595;95.35;2019-05-23 09:22:40.593
cancel;596;;250;;2019-05-23 09:22:40.594
new;613;True;250;95.5;2019-05-23 09:22:40.594
cancel;603;;68;;2019-05-23 09:22:40.595
new;614;False;68;96.3;2019-05-23 09:22:40.595
cancel;606;;63;;2019-05-23 09:22:40.617
new;615;True;63;95.65;2019-05-23 09:22:40.617
cancel;607;;53;;2019-05-23 09:22:40.623
cancel;600;;218;;2019-05-23 09:22:40.676
cancel;590;;53;;2019-05-23 09:22:40.677
new;616;True;219;95.6;2019-05-23 09:22:41.821
new;617;True;54;95.7;2019-05-23 09:22:41.821
new;618;False;58;96.05;2019-05-23 09:22:41.821
new;619;False;32;96.0;2019-05-23 09:22:42.222
cancel;540;;33;;2019-05-23 09:22:42.551
new;620;False;34;95.95;2019-05-23 09:22:42.551
new;621;False;60;95.95;2019-05-23 09:22:42.551
new;622;False;29;95.95;2019-05-23 09:22:42.552
cancel;528;;523;;2019-05-23 09:22:42.554
new;623;False;523;96.25;2019-05-23 09:22:42.554
cancel;530;;32;;2019-05-23 09:22:42.555
cancel;621;;60;;2019-05-23 09:22:42.555
cancel;565;;63;;2019-05-23 09:22:42.574
cancel;561;;16;;2019-05-23 09:22:42.928
new;624;False;2;96.0;2019-05-23 09:22:43.030
new;625;False;63;96.1;2019-05-23 09:22:43.038
cancel;512;;80;;2019-05-23 09:22:51.019
cancel;593;;17;;2019-05-23 09:22:51.022
new;626;False;18;95.95;2019-05-23 09:22:51.022
cancel;548;;32;;2019-05-23 09:23:17.886
new;627;False;32;96.0;2019-05-23 09:23:17.887
cancel;608;;343;;2019-05-23 09:23:23.813
new;628;False;260;95.95;2019-05-23 09:23:44.076
new;629;True;55;95.5;2019-05-23 09:24:00.371
cancel;620;;34;;2019-05-23 09:24:10.498
new;630;False;31;95.95;2019-05-23 09:24:10.507
cancel;630;;31;;2019-05-23 09:24:10.518
new;631;False;25;95.8;2019-05-23 09:24:23.979
new;632;False;31;95.95;2019-05-23 09:24:23.980
cancel;511;;8;;2019-05-23 09:24:23.980
new;633;True;31;95.8;2019-05-23 09:24:24.984
cancel;624;;2;;2019-05-23 09:24:25.027
cancel;632;;31;;2019-05-23 09:24:33.713
new;634;False;55;96.0;2019-05-23 09:24:33.955
new;635;True;21;95.8;2019-05-23 09:24:41.484
cancel;577;;11;;2019-05-23 09:25:00.393
cancel;538;;12;;2019-05-23 09:25:00.393
new;636;False;108;95.95;2019-05-23 09:25:24.180
cancel;635;;21;;2019-05-23 09:25:24.180
new;637;False;32;95.95;2019-05-23 09:25:24.180
new;638;False;53;95.95;2019-05-23 09:25:33.957
new;639;False;150;95.8;2019-05-23 09:25:33.957
new;640;False;31;95.8;2019-05-23 09:25:33.957
new;641;True;284;95.3;2019-05-23 09:25:33.957
modif;519;;95;;2019-05-23 09:25:33.957
new;642;False;50;95.9;2019-05-23 09:25:33.957
new;643;False;80;95.9;2019-05-23 09:25:33.957
new;644;False;32;95.9;2019-05-23 09:25:33.957
cancel;509;;80;;2019-05-23 09:25:33.958
cancel;527;;523;;2019-05-23 09:25:33.958
new;645;True;523;95.45;2019-05-23 09:25:33.958
cancel;623;;523;;2019-05-23 09:25:33.958
new;646;False;523;96.2;2019-05-23 09:25:33.958
modif;604;;836;;2019-05-23 09:25:33.958
new;647;True;53;95.75;2019-05-23 09:25:33.958
new;648;False;250;96.2;2019-05-23 09:25:33.958
cancel;634;;55;;2019-05-23 09:25:33.958
new;649;False;80;95.9;2019-05-23 09:25:33.976
cancel;614;;68;;2019-05-23 09:25:33.977
new;650;False;68;96.2;2019-05-23 09:25:33.977
cancel;602;;68;;2019-05-23 09:25:33.977
new;651;True;68;95.4;2019-05-23 09:25:33.977
cancel;618;;58;;2019-05-23 09:25:33.979
cancel;510;;17;;2019-05-23 09:25:33.979
new;652;False;21;95.9;2019-05-23 09:25:33.979
cancel;574;;17;;2019-05-23 09:25:33.980
cancel;647;;53;;2019-05-23 09:25:33.981
new;653;False;29;95.9;2019-05-23 09:25:33.981
cancel;617;;54;;2019-05-23 09:25:33.983
cancel;615;;63;;2019-05-23 09:25:33.986
new;654;True;63;95.6;2019-05-23 09:25:33.986
cancel;546;;206;;2019-05-23 09:25:34.046
cancel;649;;80;;2019-05-23 09:25:34.177
cancel;547;;32;;2019-05-23 09:25:34.234
cancel;610;;17;;2019-05-23 09:25:34.309
new;655;False;204;96.05;2019-05-23 09:25:35.241
new;656;True;58;95.65;2019-05-23 09:25:35.241
new;657;False;60;96.0;2019-05-23 09:25:35.241
new;658;False;53;95.9;2019-05-23 09:25:42.359
cancel;638;;53;;2019-05-23 09:25:42.363
cancel;544;;1298;;2019-05-23 09:25:43.520
new;659;False;1297;96.15;2019-05-23 09:25:44.901
new;660;False;32;95.95;2019-05-23 09:25:48.262
cancel;628;;260;;2019-05-23 09:26:05.214
cancel;658;;53;;2019-05-23 09:26:18.014
cancel;657;;60;;2019-05-23 09:26:18.016
new;661;False;60;95.95;2019-05-23 09:26:19.400
new;662;False;55;95.95;2019-05-23 09:26:33.955
new;663;True;53;95.75;2019-05-23 09:26:34.573
cancel;644;;32;;2019-05-23 09:26:34.575
cancel;653;;29;;2019-05-23 09:26:34.576
cancel;652;;21;;2019-05-23 09:26:34.597
new;664;True;22;95.75;2019-05-23 09:26:34.597
cancel;643;;80;;2019-05-23 09:26:34.597
cancel;642;;50;;2019-05-23 09:26:34.597
new;665;False;95;96.4;2019-05-23 09:26:34.597
cancel;662;;55;;2019-05-23 09:26:34.967
new;666;True;92;95.75;2019-05-23 09:26:34.979
new;667;True;80;95.75;2019-05-23 09:26:34.981
cancel;641;;284;;2019-05-23 09:26:34.999
new;668;True;33;95.8;2019-05-23 09:26:34.999
new;669;True;22;95.8;2019-05-23 09:26:34.999
cancel;645;;523;;2019-05-23 09:26:34.999
new;670;True;523;95.5;2019-05-23 09:26:34.999
cancel;627;;32;;2019-05-23 09:26:34.999
cancel;660;;32;;2019-05-23 09:26:34.999
new;671;True;26;95.8;2019-05-23 09:26:34.999
cancel;626;;18;;2019-05-23 09:26:34.999
cancel;651;;68;;2019-05-23 09:26:35.001
new;672;True;68;95.45;2019-05-23 09:26:35.001
new;673;True;32;95.75;2019-05-23 09:26:35.003
new;674;True;32;95.75;2019-05-23 09:26:35.003
cancel;656;;58;;2019-05-23 09:26:35.029
cancel;532;;250;;2019-05-23 09:26:35.031
cancel;637;;32;;2019-05-23 09:26:35.031
cancel;661;;60;;2019-05-23 09:26:35.034
cancel;655;;204;;2019-05-23 09:26:35.069
new;675;False;213;96.15;2019-05-23 09:26:36.421
new;676;True;63;95.7;2019-05-23 09:26:36.421
new;677;False;60;96.05;2019-05-23 09:26:36.421
new;678;False;55;96.0;2019-05-23 09:26:38.972
cancel;499;;10;;2019-05-23 09:26:48.290
new;679;True;10;95.7;2019-05-23 09:26:48.290
new;680;False;33;95.95;2019-05-23 09:26:50.251
new;681;False;53;95.95;2019-05-23 09:26:57.030
cancel;678;;55;;2019-05-23 09:26:57.047
cancel;681;;53;;2019-05-23 09:27:10.175
cancel;680;;33;;2019-05-23 09:27:10.175
cancel;609;;34;;2019-05-23 09:27:10.216
cancel;612;;595;;2019-05-23 09:27:10.216
new;682;True;33;95.85;2019-05-23 09:27:10.216
new;683;True;80;95.85;2019-05-23 09:27:10.218
cancel;670;;523;;2019-05-23 09:27:10.218
new;684;True;523;95.55;2019-05-23 09:27:10.218
new;685;True;24;95.95;2019-05-23 09:27:10.228
new;686;True;22;95.85;2019-05-23 09:27:10.230
cancel;672;;68;;2019-05-23 09:27:10.238
new;687;True;68;95.5;2019-05-23 09:27:10.238
cancel;654;;63;;2019-05-23 09:27:10.246
new;688;True;63;95.7;2019-05-23 09:27:10.246
cancel;688;;63;;2019-05-23 09:27:10.248
new;689;False;33;96.0;2019-05-23 09:27:10.250
new;690;True;50;95.75;2019-05-23 09:27:10.369
cancel;683;;80;;2019-05-23 09:27:10.370
cancel;659;;1297;;2019-05-23 09:27:10.459
new;691;True;57;95.75;2019-05-23 09:27:11.380
new;692;False;1337;96.3;2019-05-23 09:27:11.841
new;693;False;55;96.0;2019-05-23 09:27:14.171
new;694;True;5;95.95;2019-05-23 09:27:20.411
new;695;True;55;95.95;2019-05-23 09:27:20.411
new;696;True;11;95.85;2019-05-23 09:27:20.412
new;697;True;80;95.85;2019-05-23 09:27:20.412
cancel;663;;53;;2019-05-23 09:27:20.859
new;698;True;123;95.8;2019-05-23 09:27:23.450
cancel;693;;55;;2019-05-23 09:27:25.190
new;699;False;55;96.0;2019-05-23 09:27:29.198
cancel;699;;55;;2019-05-23 09:27:30.258
cancel;696;;11;;2019-05-23 09:27:31.864
new;700;False;55;96.0;2019-05-23 09:27:34.265
cancel;697;;80;;2019-05-23 09:27:34.265
cancel;682;;33;;2019-05-23 09:27:34.265
cancel;686;;22;;2019-05-23 09:27:34.265
new;701;True;595;95.35;2019-05-23 09:27:34.265
cancel;676;;63;;2019-05-23 09:27:34.317
new;702;True;63;95.65;2019-05-23 09:27:34.317
cancel;691;;57;;2019-05-23 09:27:34.317
new;703;False;33;95.95;2019-05-23 09:27:34.325
new;704;False;22;95.95;2019-05-23 09:27:34.329
new;705;False;29;95.95;2019-05-23 09:27:34.330
new;706;True;61;95.7;2019-05-23 09:27:35.760
cancel;698;;123;;2019-05-23 09:27:37.985
new;707;True;123;95.75;2019-05-23 09:27:37.985
new;708;True;1;95.75;2019-05-23 09:27:38.009
cancel;671;;26;;2019-05-23 09:27:45.882
cancel;669;;22;;2019-05-23 09:27:45.884
cancel;666;;92;;2019-05-23 09:27:53.349
cancel;668;;33;;2019-05-23 09:27:53.525
new;709;True;284;95.3;2019-05-23 09:27:53.525
new;710;True;11;95.75;2019-05-23 09:27:53.525
cancel;665;;95;;2019-05-23 09:27:53.527
new;711;False;34;95.9;2019-05-23 09:27:53.527
new;712;False;80;95.9;2019-05-23 09:27:53.527
new;713;False;80;95.9;2019-05-23 09:27:53.527
cancel;674;;32;;2019-05-23 09:27:53.527
cancel;677;;60;;2019-05-23 09:27:53.527
cancel;673;;32;;2019-05-23 09:27:53.528
new;714;False;21;95.9;2019-05-23 09:27:53.528
new;715;False;55;95.95;2019-05-23 09:27:53.528
new;716;False;46;95.9;2019-05-23 09:27:53.528
cancel;664;;22;;2019-05-23 09:27:53.528
cancel;700;;55;;2019-05-23 09:27:53.531
new;717;False;32;96.0;2019-05-23 09:27:53.537
new;718;False;32;95.95;2019-05-23 09:27:53.537
cancel;667;;80;;2019-05-23 09:27:53.546
cancel;706;;61;;2019-05-23 09:27:53.551
cancel;702;;63;;2019-05-23 09:27:53.552
new;719;True;63;95.6;2019-05-23 09:27:53.552
cancel;200;;5;;2019-05-23 09:27:53.574
cancel;710;;11;;2019-05-23 09:27:53.624
cancel;636;;53;;2019-05-23 09:27:53.624
new;720;False;53;95.9;2019-05-23 09:27:53.624
new;721;True;62;95.65;2019-05-23 09:27:54.621
new;722;False;62;96.0;2019-05-23 09:27:54.621
cancel;713;;80;;2019-05-23 09:27:59.503
new;723;True;21;95.75;2019-05-23 09:27:59.504
cancel;629;;55;;2019-05-23 09:28:00.404
new;724;True;12;95.75;2019-05-23 09:28:00.404
new;725;False;32;95.95;2019-05-23 09:28:21.340
cancel;712;;80;;2019-05-23 09:28:21.340
new;726;False;2;96.0;2019-05-23 09:28:21.779
cancel;690;;50;;2019-05-23 09:28:31.641
cancel;709;;284;;2019-05-23 09:28:31.641
new;727;True;50;95.8;2019-05-23 09:28:31.641
cancel;711;;34;;2019-05-23 09:28:31.643
new;728;True;80;95.8;2019-05-23 09:28:31.643
new;729;True;80;95.75;2019-05-23 09:28:31.643
cancel;725;;32;;2019-05-23 09:28:31.643
cancel;714;;21;;2019-05-23 09:28:31.643
new;730;False;53;95.9;2019-05-23 09:28:31.643
cancel;715;;55;;2019-05-23 09:28:31.645
cancel;721;;62;;2019-05-23 09:28:31.663
cancel;730;;53;;2019-05-23 09:28:32.674
new;731;True;34;95.8;2019-05-23 09:28:32.675
new;732;True;63;95.7;2019-05-23 09:28:32.697
cancel;726;;2;;2019-05-23 09:28:34.772
new;733;False;58;96.0;2019-05-23 09:28:36.672
new;734;False;55;95.95;2019-05-23 09:28:48.204
cancel;733;;58;;2019-05-23 09:28:48.208
cancel;731;;34;;2019-05-23 09:29:00.225
cancel;728;;80;;2019-05-23 09:29:00.225
new;735;False;31;95.9;2019-05-23 09:29:00.226
new;736;False;22;95.9;2019-05-23 09:29:00.230
new;737;False;80;95.9;2019-05-23 09:29:00.247
cancel;737;;80;;2019-05-23 09:29:00.247
cancel;724;;12;;2019-05-23 09:29:00.369
cancel;675;;213;;2019-05-23 09:29:00.370
new;738;False;202;96.05;2019-05-23 09:29:01.780
cancel;720;;53;;2019-05-23 09:29:01.901
new;739;False;50;95.8;2019-05-23 09:29:01.942
new;740;True;284;95.3;2019-05-23 09:29:01.942
cancel;466;;33;;2019-05-23 09:29:01.944
new;741;False;80;95.85;2019-05-23 09:29:01.944
cancel;723;;21;;2019-05-23 09:29:01.944
cancel;453;;32;;2019-05-23 09:29:01.944
cancel;646;;523;;2019-05-23 09:29:01.944
new;742;False;523;96.15;2019-05-23 09:29:01.944
cancel;513;;32;;2019-05-23 09:29:01.944
new;743;False;32;95.95;2019-05-23 09:29:01.946
new;744;False;32;95.9;2019-05-23 09:29:01.946
cancel;729;;80;;2019-05-23 09:29:01.946
new;745;False;17;95.85;2019-05-23 09:29:01.949
new;746;False;80;95.9;2019-05-23 09:29:01.949
cancel;571;;32;;2019-05-23 09:29:01.951
new;747;False;55;95.9;2019-05-23 09:29:01.959
cancel;734;;55;;2019-05-23 09:29:01.962
cancel;722;;62;;2019-05-23 09:29:01.966
cancel;625;;63;;2019-05-23 09:29:01.970
new;748;False;63;96.0;2019-05-23 09:29:01.970
cancel;732;;63;;2019-05-23 09:29:01.975
new;749;False;3;95.75;2019-05-23 09:29:01.980
new;750;False;31;95.85;2019-05-23 09:29:01.980
new;751;False;121;95.75;2019-05-23 09:29:01.981
new;752;True;1393;95.25;2019-05-23 09:29:01.982
cancel;465;;34;;2019-05-23 09:29:01.982
cancel;692;;1337;;2019-05-23 09:29:01.982
new;753;False;120;95.8;2019-05-23 09:29:01.982
cancel;549;;17;;2019-05-23 09:29:01.982
cancel;454;;19;;2019-05-23 09:29:01.982
cancel;684;;523;;2019-05-23 09:29:01.982
new;754;True;523;95.4;2019-05-23 09:29:01.982
modif;752;;523;;2019-05-23 09:29:01.982
cancel;460;;32;;2019-05-23 09:29:01.982
cancel;473;;32;;2019-05-23 09:29:01.983
new;755;False;250;96.1;2019-05-23 09:29:02.000
cancel;613;;250;;2019-05-23 09:29:02.000
new;756;True;250;95.4;2019-05-23 09:29:02.000
cancel;446;;32;;2019-05-23 09:29:02.000
cancel;687;;68;;2019-05-23 09:29:02.002
new;757;True;68;95.35;2019-05-23 09:29:02.002
cancel;650;;68;;2019-05-23 09:29:02.002
new;758;False;68;96.15;2019-05-23 09:29:02.002
cancel;719;;63;;2019-05-23 09:29:02.003
cancel;616;;219;;2019-05-23 09:29:02.046
new;759;False;26;95.8;2019-05-23 09:29:02.064
cancel;705;;29;;2019-05-23 09:29:02.367
cancel;716;;46;;2019-05-23 09:29:02.869
new;760;True;63;95.6;2019-05-23 09:29:03.039
new;761;False;64;95.9;2019-05-23 09:29:03.039
new;762;True;220;95.5;2019-05-23 09:29:03.160
new;763;False;32;95.9;2019-05-23 09:29:03.451
cancel;570;;32;;2019-05-23 09:29:03.458
new;764;True;63;95.55;2019-05-23 09:29:04.037
new;765;False;1376;96.1;2019-05-23 09:29:05.920
new;766;False;55;95.85;2019-05-23 09:29:05.959
cancel;747;;55;;2019-05-23 09:29:05.961
cancel;484;;1066;;2019-05-23 09:29:06.840
cancel;742;;523;;2019-05-23 09:29:07.569
new;767;False;523;96.1;2019-05-23 09:29:07.569
new;768;True;1372;95.35;2019-05-23 09:29:08.221
new;769;True;31;95.7;2019-05-23 09:29:39.705
new;770;False;22;95.85;2019-05-23 09:29:39.705
new;771;True;22;95.55;2019-05-23 09:29:39.705
new;772;True;22;95.7;2019-05-23 09:30:00.073
cancel;459;;32;;2019-05-23 09:30:00.081
cancel;769;;31;;2019-05-23 09:30:00.139
new;773;False;53;95.8;2019-05-23 09:30:00.166
new;774;False;32;95.85;2019-05-23 09:30:00.180
new;775;False;80;95.8;2019-05-23 09:30:00.186
cancel;758;;68;;2019-05-23 09:30:00.187
new;776;False;68;96.1;2019-05-23 09:30:00.187
cancel;568;;32;;2019-05-23 09:30:00.189
cancel;761;;64;;2019-05-23 09:30:00.197
cancel;738;;202;;2019-05-23 09:30:00.285
cancel;418;;80;;2019-05-23 09:30:00.469
new;777;False;2;95.85;2019-05-23 09:30:00.783
new;778;False;32;95.8;2019-05-23 09:30:00.849
new;779;True;80;95.65;2019-05-23 09:30:01.059
new;780;False;75;95.7;2019-05-23 09:30:01.059
new;781;False;30;95.7;2019-05-23 09:30:01.059
cancel;779;;80;;2019-05-23 09:30:01.059
new;782;False;56;95.7;2019-05-23 09:30:01.060
new;783;False;9;95.7;2019-05-23 09:30:01.060
new;784;False;16;95.7;2019-05-23 09:30:01.060
new;785;False;10;95.7;2019-05-23 09:30:01.060
new;786;False;22;95.7;2019-05-23 09:30:01.060
cancel;411;;645;;2019-05-23 09:30:01.060
new;787;True;34;95.2;2019-05-23 09:30:01.060
new;788;False;9;95.7;2019-05-23 09:30:01.060
modif;211;;34;;2019-05-23 09:30:01.060
cancel;567;;32;;2019-05-23 09:30:01.060
cancel;648;;250;;2019-05-23 09:30:01.060
new;789;False;100;95.75;2019-05-23 09:30:01.060
new;790;False;113;95.7;2019-05-23 09:30:01.061
modif;740;;250;;2019-05-23 09:30:01.062
cancel;409;;34;;2019-05-23 09:30:01.062
cancel;767;;523;;2019-05-23 09:30:01.062
new;791;False;523;96.0;2019-05-23 09:30:01.062
cancel;427;;32;;2019-05-23 09:30:01.062
new;792;False;46;95.7;2019-05-23 09:30:01.062
new;793;False;250;96.0;2019-05-23 09:30:01.062
new;794;False;32;95.85;2019-05-23 09:30:01.064
new;795;False;32;95.75;2019-05-23 09:30:01.071
new;796;True;9;95.7;2019-05-23 09:30:01.088
new;797;True;113;95.7;2019-05-23 09:30:01.088
new;798;True;10;95.7;2019-05-23 09:30:01.088
cancel;795;;32;;2019-05-23 09:30:01.088
cancel;764;;63;;2019-05-23 09:30:01.094
new;799;True;63;95.5;2019-05-23 09:30:01.094
cancel;748;;63;;2019-05-23 09:30:01.104
new;800;False;63;95.85;2019-05-23 09:30:01.104
cancel;760;;63;;2019-05-23 09:30:01.120
new;801;False;32;95.75;2019-05-23 09:30:01.162
new;802;False;112;95.7;2019-05-23 09:30:01.168
new;803;True;5;95.45;2019-05-23 09:30:01.196
cancel;425;;32;;2019-05-23 09:30:01.270
new;804;False;62;95.8;2019-05-23 09:30:01.387
cancel;745;;17;;2019-05-23 09:30:01.672
new;805;False;22;95.8;2019-05-23 09:30:01.904
cancel;557;;17;;2019-05-23 09:30:02.008
cancel;416;;17;;2019-05-23 09:30:02.504
cancel;776;;68;;2019-05-23 09:30:02.525
new;806;False;68;96.05;2019-05-23 09:30:02.525
new;807;False;67;95.7;2019-05-23 09:30:03.071
cancel;208;;33;;2019-05-23 09:30:03.306
cancel;802;;112;;2019-05-23 09:30:04.182
new;808;False;32;95.8;2019-05-23 09:30:04.196
cancel;555;;32;;2019-05-23 09:30:04.202
new;809;True;32;95.6;2019-05-23 09:30:04.375
new;810;False;59;95.75;2019-05-23 09:30:04.548
new;811;False;23;95.75;2019-05-23 09:30:05.014
new;812;True;23;95.5;2019-05-23 09:30:05.014
new;813;True;32;95.45;2019-05-23 09:30:05.063
new;814;True;32;95.45;2019-05-23 09:30:05.291
cancel;252;;17;;2019-05-23 09:30:05.806
cancel;777;;2;;2019-05-23 09:30:07.027
new;815;False;71;95.7;2019-05-23 09:30:11.232
new;816;False;80;95.75;2019-05-23 09:30:11.232
new;817;False;63;95.75;2019-05-23 09:30:12.634
cancel;809;;32;;2019-05-23 09:30:14.501
new;818;False;1;95.65;2019-05-23 09:30:14.523
new;819;False;21;95.65;2019-05-23 09:30:14.588
new;820;True;34;95.15;2019-05-23 09:30:14.588
cancel;756;;250;;2019-05-23 09:30:14.588
new;821;True;250;95.3;2019-05-23 09:30:14.589
cancel;223;;17;;2019-05-23 09:30:14.589
new;822;True;80;95.5;2019-05-23 09:30:14.590
new;823;True;32;95.4;2019-05-23 09:30:14.593
new;824;True;32;95.4;2019-05-23 09:30:14.593
modif;752;;836;;2019-05-23 09:30:14.593
cancel;799;;63;;2019-05-23 09:30:14.616
new;825;True;63;95.45;2019-05-23 09:30:14.616
cancel;210;;34;;2019-05-23 09:30:14.675
cancel;554;;32;;2019-05-23 09:30:14.675
new;826;False;4;95.65;2019-05-23 09:30:14.675
new;827;False;80;95.7;2019-05-23 09:30:14.675
new;828;False;23;95.7;2019-05-23 09:30:14.675
cancel;791;;523;;2019-05-23 09:30:14.676
new;829;False;523;95.95;2019-05-23 09:30:14.676
new;830;False;32;95.8;2019-05-23 09:30:14.679
new;831;False;32;95.75;2019-05-23 09:30:14.679
cancel;762;;220;;2019-05-23 09:30:14.682
cancel;481;;32;;2019-05-23 09:30:14.684
cancel;405;;80;;2019-05-23 09:30:14.696
cancel;804;;62;;2019-05-23 09:30:14.708
cancel;431;;32;;2019-05-23 09:30:14.939
cancel;429;;32;;2019-05-23 09:30:14.946
new;832;False;32;95.7;2019-05-23 09:30:14.946
new;833;False;63;95.7;2019-05-23 09:30:15.208
cancel;832;;32;;2019-05-23 09:30:15.213
cancel;826;;4;;2019-05-23 09:30:17.727
new;834;False;34;96.15;2019-05-23 09:30:17.727
cancel;828;;23;;2019-05-23 09:30:17.728
new;835;True;23;95.45;2019-05-23 09:30:17.728
new;836;True;32;95.55;2019-05-23 09:30:18.945
new;837;True;32;95.55;2019-05-23 09:30:18.953
cancel;831;;32;;2019-05-23 09:30:24.723
new;838;True;32;95.6;2019-05-23 09:30:25.498
cancel;827;;80;;2019-05-23 09:30:25.499
cancel;801;;32;;2019-05-23 09:30:25.501
new;839;False;32;95.75;2019-05-23 09:30:28.926
cancel;838;;32;;2019-05-23 09:30:29.997
new;840;True;23;95.6;2019-05-23 09:30:29.999
new;841;True;32;95.6;2019-05-23 09:30:30.195
cancel;841;;32;;2019-05-23 09:30:31.034
new;842;False;32;95.75;2019-05-23 09:30:31.113
cancel;807;;67;;2019-05-23 09:30:32.307
cancel;830;;32;;2019-05-23 09:30:33.271
cancel;815;;71;;2019-05-23 09:30:34.611
new;843;True;80;95.55;2019-05-23 09:30:34.611
new;844;True;215;95.4;2019-05-23 09:30:36.080
new;845;False;214;95.9;2019-05-23 09:30:36.080
new;846;True;67;95.5;2019-05-23 09:30:37.000
new;847;False;65;95.8;2019-05-23 09:30:37.000
new;848;False;32;95.8;2019-05-23 09:30:45.261
new;849;True;32;95.6;2019-05-23 09:30:59.695
new;850;True;26;95.6;2019-05-23 09:31:00.736
cancel;850;;26;;2019-05-23 09:31:00.785
cancel;849;;32;;2019-05-23 09:31:01.645
new;851;False;25;95.6;2019-05-23 09:31:18.303
new;852;False;10;95.6;2019-05-23 09:31:18.303
new;853;False;23;95.6;2019-05-23 09:31:18.303
new;854;False;34;95.55;2019-05-23 09:31:18.303
new;855;False;53;95.55;2019-05-23 09:31:18.305
new;856;False;24;95.55;2019-05-23 09:31:18.305
new;857;False;22;95.55;2019-05-23 09:31:18.305
new;858;False;19;95.55;2019-05-23 09:31:18.305
new;859;True;1086;95.1;2019-05-23 09:31:18.305
new;860;False;32;95.7;2019-05-23 09:31:18.305
cancel;843;;80;;2019-05-23 09:31:18.305
cancel;754;;523;;2019-05-23 09:31:18.305
new;861;True;523;95.25;2019-05-23 09:31:18.305
new;862;True;11;95.55;2019-05-23 09:31:18.306
cancel;836;;13;;2019-05-23 09:31:18.308
new;863;True;32;95.35;2019-05-23 09:31:18.315
cancel;757;;68;;2019-05-23 09:31:18.326
new;864;True;68;95.2;2019-05-23 09:31:18.326
new;865;False;22;95.7;2019-05-23 09:31:18.329
new;866;False;80;95.7;2019-05-23 09:31:18.329
cancel;825;;63;;2019-05-23 09:31:18.332
new;867;True;63;95.4;2019-05-23 09:31:18.332
cancel;846;;67;;2019-05-23 09:31:18.333
cancel;834;;34;;2019-05-23 09:31:18.357
new;868;False;80;95.65;2019-05-23 09:31:18.357
cancel;822;;80;;2019-05-23 09:31:18.357
cancel;580;;17;;2019-05-23 09:31:18.357
cancel;806;;68;;2019-05-23 09:31:18.357
new;869;False;68;96.0;2019-05-23 09:31:18.357
cancel;837;;32;;2019-05-23 09:31:18.357
cancel;847;;65;;2019-05-23 09:31:18.360
new;870;True;10;95.3;2019-05-23 09:31:18.372
cancel;862;;11;;2019-05-23 09:31:18.376
new;871;True;523;95.05;2019-05-23 09:31:18.376
cancel;821;;250;;2019-05-23 09:31:18.377
new;872;True;250;95.2;2019-05-23 09:31:18.377
new;873;False;32;95.65;2019-05-23 09:31:18.377
cancel;871;;523;;2019-05-23 09:31:18.377
new;874;True;900;94.9;2019-05-23 09:31:18.377
new;875;True;26;95.5;2019-05-23 09:31:18.378
new;876;False;32;95.75;2019-05-23 09:31:18.378
new;877;False;32;95.7;2019-05-23 09:31:18.378
cancel;480;;32;;2019-05-23 09:31:18.384
cancel;605;;32;;2019-05-23 09:31:18.384
cancel;867;;63;;2019-05-23 09:31:18.400
cancel;817;;63;;2019-05-23 09:31:18.429
new;878;False;2;95.75;2019-05-23 09:31:18.777
new;879;True;80;95.45;2019-05-23 09:31:18.860
new;880;False;80;95.65;2019-05-23 09:31:18.860
cancel;768;;1372;;2019-05-23 09:31:18.861
modif;701;;561;;2019-05-23 09:31:18.861
cancel;844;;215;;2019-05-23 09:31:18.861
new;881;False;63;95.7;2019-05-23 09:31:18.868
new;882;False;134;95.65;2019-05-23 09:31:18.959
new;883;True;32;95.1;2019-05-23 09:31:19.768
new;884;True;66;95.4;2019-05-23 09:31:19.782
new;885;False;63;95.75;2019-05-23 09:31:19.782
cancel;873;;32;;2019-05-23 09:31:20.059
new;886;True;1353;95.2;2019-05-23 09:31:20.087
new;887;True;728;95.2;2019-05-23 09:31:20.087
new;888;True;208;95.3;2019-05-23 09:31:20.087
new;889;True;63;95.35;2019-05-23 09:31:21.053
cancel;880;;80;;2019-05-23 09:31:21.053
new;890;True;22;95.35;2019-05-23 09:31:21.053
new;891;True;32;95.35;2019-05-23 09:31:22.314
cancel;868;;80;;2019-05-23 09:31:22.314
new;892;True;32;95.3;2019-05-23 09:31:22.361
new;893;True;32;95.3;2019-05-23 09:31:23.821
cancel;878;;2;;2019-05-23 09:31:27.028
cancel;435;;32;;2019-05-23 09:31:30.796
new;894;False;53;95.65;2019-05-23 09:31:33.983
new;895;True;22;95.4;2019-05-23 09:31:33.983
cancel;875;;26;;2019-05-23 09:31:33.984
new;896;False;17;95.65;2019-05-23 09:31:33.984
cancel;766;;55;;2019-05-23 09:31:33.988
cancel;759;;26;;2019-05-23 09:31:34.159
cancel;765;;1376;;2019-05-23 09:31:36.341
new;897;False;1288;95.9;2019-05-23 09:31:37.721
new;898;False;55;95.7;2019-05-23 09:31:37.992
cancel;773;;53;;2019-05-23 09:31:37.996
new;899;False;32;95.65;2019-05-23 09:31:39.217
cancel;899;;32;;2019-05-23 09:31:39.245
new;900;False;32;95.65;2019-05-23 09:31:40.881
cancel;92;;34;;2019-05-23 09:31:40.882
cancel;433;;32;;2019-05-23 09:31:40.890
new;901;True;32;95.5;2019-05-23 09:31:41.141
new;902;True;11;95.5;2019-05-23 09:31:45.166
cancel;900;;32;;2019-05-23 09:31:45.443
cancel;896;;17;;2019-05-23 09:31:45.519
new;903;False;17;95.65;2019-05-23 09:31:49.188
cancel;903;;17;;2019-05-23 09:31:57.229
cancel;894;;53;;2019-05-23 09:31:58.218
cancel;874;;900;;2019-05-23 09:31:58.237
new;904;True;70;95.55;2019-05-23 09:31:58.237
new;905;True;33;95.55;2019-05-23 09:31:58.239
cancel;866;;80;;2019-05-23 09:31:58.239
new;906;True;80;95.55;2019-05-23 09:31:58.239
cancel;884;;66;;2019-05-23 09:31:58.240
cancel;865;;22;;2019-05-23 09:31:58.240
new;907;True;32;95.5;2019-05-23 09:31:58.246
new;908;True;32;95.5;2019-05-23 09:31:58.246
new;909;True;30;95.55;2019-05-23 09:31:58.285
new;910;True;62;95.45;2019-05-23 09:31:59.341
cancel;906;;80;;2019-05-23 09:32:05.780
cancel;905;;33;;2019-05-23 09:32:05.781
cancel;904;;70;;2019-05-23 09:32:06.699
new;911;False;22;95.7;2019-05-23 09:32:06.700
cancel;882;;134;;2019-05-23 09:32:06.848
new;912;False;34;96.15;2019-05-23 09:32:06.848
cancel;876;;32;;2019-05-23 09:32:06.850
cancel;877;;32;;2019-05-23 09:32:06.850
new;913;True;77;95.55;2019-05-23 09:32:06.857
new;914;True;33;95.55;2019-05-23 09:32:06.857
cancel;885;;63;;2019-05-23 09:32:06.875
cancel;914;;33;;2019-05-23 09:32:06.884
cancel;912;;34;;2019-05-23 09:32:06.885
new;915;False;80;95.65;2019-05-23 09:32:06.885
new;916;False;60;95.65;2019-05-23 09:32:06.885
new;917;False;33;95.65;2019-05-23 09:32:06.886
new;918;False;80;95.65;2019-05-23 09:32:06.886
new;919;False;53;95.65;2019-05-23 09:32:06.888
cancel;913;;77;;2019-05-23 09:32:06.890
cancel;908;;32;;2019-05-23 09:32:06.891
cancel;909;;30;;2019-05-23 09:32:06.891
new;920;True;1423;94.9;2019-05-23 09:32:06.891
new;921;False;17;95.65;2019-05-23 09:32:06.891
cancel;907;;32;;2019-05-23 09:32:06.892
new;922;True;33;95.5;2019-05-23 09:32:06.920
cancel;917;;33;;2019-05-23 09:32:06.924
cancel;921;;17;;2019-05-23 09:32:06.925
cancel;918;;80;;2019-05-23 09:32:06.926
cancel;915;;80;;2019-05-23 09:32:06.926
cancel;901;;32;;2019-05-23 09:32:07.289
new;923;False;66;95.75;2019-05-23 09:32:08.081
cancel;916;;60;;2019-05-23 09:32:08.081
new;924;False;32;95.75;2019-05-23 09:32:10.860
cancel;920;;1423;;2019-05-23 09:32:10.878
new;925;True;77;95.55;2019-05-23 09:32:10.878
new;926;True;70;95.55;2019-05-23 09:32:10.878
cancel;911;;22;;2019-05-23 09:32:10.878
new;927;True;33;95.55;2019-05-23 09:32:10.878
new;928;True;30;95.55;2019-05-23 09:32:10.878
cancel;919;;53;;2019-05-23 09:32:10.880
new;929;False;34;96.15;2019-05-23 09:32:10.880
new;930;True;32;95.5;2019-05-23 09:32:10.887
cancel;860;;32;;2019-05-23 09:32:10.897
new;931;False;684;96.05;2019-05-23 09:32:10.906
cancel;923;;66;;2019-05-23 09:32:10.906
new;932;True;32;95.5;2019-05-23 09:32:11.306
cancel;924;;32;;2019-05-23 09:32:11.892
new;933;False;66;95.8;2019-05-23 09:32:12.221
cancel;898;;55;;2019-05-23 09:32:13.173
cancel;792;;36;;2019-05-23 09:32:14.268
new;934;False;55;95.75;2019-05-23 09:32:17.175
cancel;811;;23;;2019-05-23 09:32:20.502
cancel;859;;1086;;2019-05-23 09:32:22.652
cancel;883;;32;;2019-05-23 09:32:22.652
new;935;True;80;95.6;2019-05-23 09:32:22.652
new;936;True;80;95.55;2019-05-23 09:32:22.652
new;937;True;250;95.3;2019-05-23 09:32:22.652
new;938;True;24;95.55;2019-05-23 09:32:22.652
cancel;864;;68;;2019-05-23 09:32:22.653
new;939;True;68;95.25;2019-05-23 09:32:22.653
cancel;861;;523;;2019-05-23 09:32:22.653
new;940;True;523;95.3;2019-05-23 09:32:22.653
new;941;True;20;95.6;2019-05-23 09:32:22.653
new;942;True;33;95.6;2019-05-23 09:32:22.653
cancel;910;;62;;2019-05-23 09:32:22.653
cancel;889;;63;;2019-05-23 09:32:22.681
new;943;True;63;95.45;2019-05-23 09:32:22.681
cancel;816;;80;;2019-05-23 09:32:22.685
cancel;888;;208;;2019-05-23 09:32:22.800
cancel;902;;11;;2019-05-23 09:32:22.914
new;944;True;65;95.5;2019-05-23 09:32:23.720
cancel;935;;80;;2019-05-23 09:32:23.720
cancel;942;;33;;2019-05-23 09:32:23.995
new;945;True;211;95.4;2019-05-23 09:32:24.021
cancel;941;;20;;2019-05-23 09:32:28.245
new;946;True;868;95.1;2019-05-23 09:32:28.245
cancel;943;;63;;2019-05-23 09:32:28.321
new;947;True;63;95.4;2019-05-23 09:32:28.321
new;948;False;58;95.8;2019-05-23 09:32:33.988
new;949;False;24;95.75;2019-05-23 09:32:42.255
new;950;False;53;95.7;2019-05-23 09:32:52.551
cancel;936;;80;;2019-05-23 09:32:52.551
cancel;948;;58;;2019-05-23 09:32:52.553
cancel;950;;53;;2019-05-23 09:32:53.626
new;951;True;80;95.55;2019-05-23 09:32:53.627
new;952;False;100;95.7;2019-05-23 09:32:57.558
new;953;False;53;95.7;2019-05-23 09:32:57.630
new;954;False;34;95.7;2019-05-23 09:33:04.531
cancel;925;;77;;2019-05-23 09:33:04.547
cancel;951;;80;;2019-05-23 09:33:04.551
new;955;False;80;95.7;2019-05-23 09:33:04.551
cancel;927;;33;;2019-05-23 09:33:04.551
cancel;929;;34;;2019-05-23 09:33:04.551
new;956;False;34;95.65;2019-05-23 09:33:04.551
cancel;872;;250;;2019-05-23 09:33:04.551
cancel;926;;70;;2019-05-23 09:33:04.552
cancel;944;;65;;2019-05-23 09:33:04.555
cancel;933;;66;;2019-05-23 09:33:04.556
new;957;False;24;95.7;2019-05-23 09:33:04.557
new;958;False;32;95.75;2019-05-23 09:33:04.559
new;959;False;32;95.7;2019-05-23 09:33:04.559
new;960;False;53;95.65;2019-05-23 09:33:04.575
cancel;938;;24;;2019-05-23 09:33:04.575
cancel;928;;30;;2019-05-23 09:33:04.576
new;961;True;250;95.0;2019-05-23 09:33:04.576
cancel;932;;32;;2019-05-23 09:33:04.578
cancel;930;;32;;2019-05-23 09:33:04.578
new;962;True;20;95.5;2019-05-23 09:33:04.578
cancel;934;;55;;2019-05-23 09:33:04.580
cancel;947;;63;;2019-05-23 09:33:04.689
new;963;True;63;95.35;2019-05-23 09:33:04.689
cancel;956;;34;;2019-05-23 09:33:04.711
new;964;True;62;95.45;2019-05-23 09:33:05.581
new;965;False;67;95.75;2019-05-23 09:33:05.581
cancel;810;;59;;2019-05-23 09:33:29.325
new;966;False;59;95.65;2019-05-23 09:33:29.325
new;967;False;33;95.65;2019-05-23 09:34:06.046
new;968;False;34;95.65;2019-05-23 09:34:06.047
cancel;922;;33;;2019-05-23 09:34:21.420
new;969;True;250;95.2;2019-05-23 09:34:21.420
cancel;937;;250;;2019-05-23 09:34:21.420
cancel;962;;20;;2019-05-23 09:34:21.420
cancel;964;;62;;2019-05-23 09:34:21.427
cancel;945;;211;;2019-05-23 09:34:21.458
cancel;961;;250;;2019-05-23 09:34:21.769
new;970;True;34;95.05;2019-05-23 09:34:21.769
cancel;953;;53;;2019-05-23 09:34:21.998
cancel;960;;53;;2019-05-23 09:34:22.001
new;971;True;34;95.5;2019-05-23 09:34:22.001
new;972;True;204;95.3;2019-05-23 09:34:22.564
new;973;True;68;95.4;2019-05-23 09:34:22.564
new;974;True;30;95.5;2019-05-23 09:34:28.060
cancel;967;;33;;2019-05-23 09:34:29.669
cancel;968;;34;;2019-05-23 09:34:33.865
new;975;False;34;95.65;2019-05-23 09:34:38.330
new;976;False;33;95.65;2019-05-23 09:34:38.331
cancel;974;;30;;2019-05-23 09:34:38.415
cancel;952;;100;;2019-05-23 09:34:43.605
new;977;False;100;95.65;2019-05-23 09:34:43.605
cancel;971;;34;;2019-05-23 09:35:00.150
new;978;True;24;95.25;2019-05-23 09:35:00.349
new;979;True;31;95.5;2019-05-23 09:35:00.496
cancel;975;;34;;2019-05-23 09:35:17.406
new;980;False;31;95.65;2019-05-23 09:35:24.806
new;981;True;12;95.5;2019-05-23 09:35:26.778
cancel;978;;24;;2019-05-23 09:35:26.778
new;982;True;6;95.25;2019-05-23 09:36:00.357
cancel;977;;100;;2019-05-23 09:36:01.593
cancel;980;;31;;2019-05-23 09:36:01.594
new;983;True;20;95.5;2019-05-23 09:36:01.595
new;984;False;21;95.5;2019-05-23 09:36:01.642
new;985;False;79;95.5;2019-05-23 09:36:01.642
new;986;False;32;95.65;2019-05-23 09:36:01.642
cancel;91;;34;;2019-05-23 09:36:01.642
cancel;541;;80;;2019-05-23 09:36:01.642
cancel;755;;250;;2019-05-23 09:36:01.642
new;987;False;80;95.6;2019-05-23 09:36:01.642
new;988;False;27;95.65;2019-05-23 09:36:01.642
cancel;829;;523;;2019-05-23 09:36:01.642
new;989;False;523;95.9;2019-05-23 09:36:01.642
new;990;False;32;95.7;2019-05-23 09:36:01.648
new;991;False;250;95.9;2019-05-23 09:36:01.648
cancel;477;;32;;2019-05-23 09:36:01.653
cancel;869;;68;;2019-05-23 09:36:01.663
new;992;False;68;95.95;2019-05-23 09:36:01.663
cancel;965;;67;;2019-05-23 09:36:01.664
cancel;704;;22;;2019-05-23 09:36:01.665
cancel;800;;63;;2019-05-23 09:36:01.669
new;993;False;63;95.75;2019-05-23 09:36:01.669
cancel;981;;12;;2019-05-23 09:36:01.740
new;994;True;23;95.2;2019-05-23 09:36:01.741
cancel;845;;214;;2019-05-23 09:36:01.761
cancel;979;;31;;2019-05-23 09:36:01.765
cancel;987;;80;;2019-05-23 09:36:01.766
new;995;False;950;96.1;2019-05-23 09:36:01.766
cancel;812;;23;;2019-05-23 09:36:01.766
cancel;983;;20;;2019-05-23 09:36:01.767
cancel;993;;63;;2019-05-23 09:36:01.790
cancel;887;;728;;2019-05-23 09:36:01.892
new;996;True;32;95.5;2019-05-23 09:36:02.080
new;997;False;66;95.7;2019-05-23 09:36:02.680
cancel;990;;32;;2019-05-23 09:36:02.681
new;998;False;205;95.8;2019-05-23 09:36:03.140
new;999;False;63;95.8;2019-05-23 09:36:04.038
new;1000;False;100;95.65;2019-05-23 09:36:23.760
cancel;988;;27;;2019-05-23 09:36:31.513
cancel;970;;34;;2019-05-23 09:36:41.475
new;1001;True;150;95.55;2019-05-23 09:36:41.475
new;1002;True;27;95.5;2019-05-23 09:36:41.477
new;1003;True;32;95.5;2019-05-23 09:36:41.481
cancel;973;;68;;2019-05-23 09:36:41.519
new;1004;True;65;95.45;2019-05-23 09:36:42.700
cancel;986;;32;;2019-05-23 09:36:44.977
new;1005;True;32;95.5;2019-05-23 09:36:44.989
cancel;982;;6;;2019-05-23 09:37:00.348
cancel;994;;23;;2019-05-23 09:37:00.348
new;1006;True;8;95.25;2019-05-23 09:37:00.348
new;1007;False;33;95.65;2019-05-23 09:37:31.616
cancel;997;;66;;2019-05-23 09:37:39.202
cancel;1007;;33;;2019-05-23 09:37:40.355
cancel;793;;250;;2019-05-23 09:37:40.355
new;1008;True;33;95.55;2019-05-23 09:37:40.373
new;1009;False;69;95.75;2019-05-23 09:37:40.376
cancel;957;;24;;2019-05-23 09:37:40.377
cancel;976;;33;;2019-05-23 09:37:40.399
new;1010;True;44;95.55;2019-05-23 09:37:40.399
new;1011;True;59;95.65;2019-05-23 09:37:40.399
new;1012;True;56;95.65;2019-05-23 09:37:40.399
new;1013;True;44;95.65;2019-05-23 09:37:40.401
new;1014;False;34;96.15;2019-05-23 09:37:40.401
cancel;946;;868;;2019-05-23 09:37:40.401
new;1015;True;137;95.65;2019-05-23 09:37:40.401
cancel;820;;34;;2019-05-23 09:37:40.401
new;1016;True;150;95.6;2019-05-23 09:37:40.401
cancel;954;;34;;2019-05-23 09:37:40.401
new;1017;True;80;95.6;2019-05-23 09:37:40.401
new;1018;True;100;95.65;2019-05-23 09:37:40.401
cancel;991;;250;;2019-05-23 09:37:40.401
new;1019;False;250;96.0;2019-05-23 09:37:40.401
new;1020;True;33;95.6;2019-05-23 09:37:40.401
new;1021;True;80;95.55;2019-05-23 09:37:40.401
new;1022;True;59;95.65;2019-05-23 09:37:40.401
new;1023;True;186;95.65;2019-05-23 09:37:40.401
cancel;940;;523;;2019-05-23 09:37:40.401
new;1024;True;523;95.35;2019-05-23 09:37:40.401
cancel;955;;80;;2019-05-23 09:37:40.401
cancel;949;;24;;2019-05-23 09:37:40.401
new;1025;True;25;95.55;2019-05-23 09:37:40.401
cancel;958;;32;;2019-05-23 09:37:40.401
cancel;959;;32;;2019-05-23 09:37:40.402
new;1026;True;250;95.35;2019-05-23 09:37:40.402
new;1027;True;32;95.55;2019-05-23 09:37:40.403
new;1028;True;32;95.55;2019-05-23 09:37:40.403
cancel;939;;68;;2019-05-23 09:37:40.421
new;1029;True;68;95.3;2019-05-23 09:37:40.421
cancel;1004;;65;;2019-05-23 09:37:40.425
cancel;963;;63;;2019-05-23 09:37:40.425
cancel;789;;100;;2019-05-23 09:37:40.426
cancel;999;;63;;2019-05-23 09:37:40.426
new;1030;False;63;95.85;2019-05-23 09:37:40.426
cancel;1009;;69;;2019-05-23 09:37:40.428
cancel;998;;205;;2019-05-23 09:37:40.475
cancel;972;;204;;2019-05-23 09:37:40.498
cancel;1006;;8;;2019-05-23 09:37:40.516
new;1031;True;5;95.5;2019-05-23 09:37:40.516
cancel;1018;;100;;2019-05-23 09:37:40.601
cancel;897;;1288;;2019-05-23 09:37:40.624
new;1032;True;203;95.45;2019-05-23 09:37:41.581
new;1033;False;218;95.9;2019-05-23 09:37:41.581
new;1034;True;63;95.55;2019-05-23 09:37:41.581
new;1035;False;65;95.8;2019-05-23 09:37:41.581
new;1036;True;45;95.7;2019-05-23 09:37:41.673
new;1037;True;18;95.7;2019-05-23 09:37:41.674
new;1038;True;63;95.7;2019-05-23 09:37:41.674
new;1039;False;284;96.2;2019-05-23 09:37:41.674
cancel;787;;34;;2019-05-23 09:37:41.674
cancel;886;;1353;;2019-05-23 09:37:41.674
cancel;969;;250;;2019-05-23 09:37:41.674
new;1040;True;81;95.7;2019-05-23 09:37:41.674
new;1041;True;140;95.7;2019-05-23 09:37:41.674
cancel;842;;32;;2019-05-23 09:37:41.674
new;1042;True;33;95.65;2019-05-23 09:37:41.674
cancel;890;;22;;2019-05-23 09:37:41.674
cancel;1024;;523;;2019-05-23 09:37:41.675
new;1043;True;523;95.4;2019-05-23 09:37:41.675
cancel;989;;523;;2019-05-23 09:37:41.675
new;1044;False;523;96.05;2019-05-23 09:37:41.675
cancel;848;;32;;2019-05-23 09:37:41.675
cancel;839;;32;;2019-05-23 09:37:41.675
new;1045;False;557;96.25;2019-05-23 09:37:41.675
new;1046;True;80;95.65;2019-05-23 09:37:41.675
modif;1045;;523;;2019-05-23 09:37:41.676
cancel;794;;32;;2019-05-23 09:37:41.676
cancel;1040;;81;;2019-05-23 09:37:41.693
new;1047;False;250;96.1;2019-05-23 09:37:41.693
cancel;1019;;250;;2019-05-23 09:37:41.693
cancel;1041;;140;;2019-05-23 09:37:41.693
new;1048;True;1637;95.2;2019-05-23 09:37:41.693
cancel;1046;;80;;2019-05-23 09:37:41.693
cancel;775;;80;;2019-05-23 09:37:41.696
cancel;1029;;68;;2019-05-23 09:37:41.696
new;1049;True;68;95.35;2019-05-23 09:37:41.696
cancel;992;;68;;2019-05-23 09:37:41.696
new;1050;False;68;96.1;2019-05-23 09:37:41.696
new;1051;False;1265;96.05;2019-05-23 09:37:41.697
cancel;1030;;63;;2019-05-23 09:37:41.697
new;1052;True;78;95.65;2019-05-23 09:37:41.698
cancel;805;;22;;2019-05-23 09:37:41.698
cancel;1035;;65;;2019-05-23 09:37:41.700
modif;995;;836;;2019-05-23 09:37:41.706
cancel;1048;;1637;;2019-05-23 09:37:41.723
new;1053;True;97;95.7;2019-05-23 09:37:41.723
new;1054;True;70;95.7;2019-05-23 09:37:41.723
cancel;808;;32;;2019-05-23 09:37:41.742
cancel;753;;120;;2019-05-23 09:37:41.744
cancel;1033;;218;;2019-05-23 09:37:41.745
new;1055;True;22;95.7;2019-05-23 09:37:41.755
cancel;870;;10;;2019-05-23 09:37:41.784
new;1056;True;14;95.55;2019-05-23 09:37:41.784
new;1057;True;32;95.6;2019-05-23 09:37:41.898
new;1058;True;32;95.6;2019-05-23 09:37:41.898
cancel;1010;;44;;2019-05-23 09:37:42.057
new;1059;True;80;95.65;2019-05-23 09:37:42.465
new;1060;False;217;96.0;2019-05-23 09:37:42.961
new;1061;False;67;95.9;2019-05-23 09:37:42.961
new;1062;False;25;95.95;2019-05-23 09:37:42.985
new;1063;True;25;95.6;2019-05-23 09:37:42.985
new;1064;False;63;95.95;2019-05-23 09:37:43.038
new;1065;True;63;95.5;2019-05-23 09:37:43.038
cancel;1022;;59;;2019-05-23 09:37:43.431
cancel;1015;;137;;2019-05-23 09:37:43.470
cancel;1023;;186;;2019-05-23 09:37:43.495
cancel;778;;32;;2019-05-23 09:37:48.300
new;1066;False;870;96.3;2019-05-23 09:37:48.300
modif;1039;;250;;2019-05-23 09:37:48.300
new;1067;False;25;96.0;2019-05-23 09:37:48.300
new;1068;True;25;95.65;2019-05-23 09:37:48.300
new;1069;False;33;95.85;2019-05-23 09:37:48.301
new;1070;False;32;96.05;2019-05-23 09:37:48.303
cancel;1061;;67;;2019-05-23 09:37:48.326
cancel;1064;;63;;2019-05-23 09:37:48.328
new;1071;False;63;96.0;2019-05-23 09:37:48.328
new;1072;False;67;95.95;2019-05-23 09:37:49.400
new;1073;False;32;96.05;2019-05-23 09:37:52.309
cancel;1053;;97;;2019-05-23 09:37:52.339
cancel;1054;;70;;2019-05-23 09:37:52.340
new;1074;True;32;95.65;2019-05-23 09:37:55.974
cancel;893;;32;;2019-05-23 09:37:55.980
new;1075;False;98;95.85;2019-05-23 09:38:07.381
cancel;1059;;80;;2019-05-23 09:38:07.381
cancel;1055;;22;;2019-05-23 09:38:07.381
new;1076;True;1637;95.2;2019-05-23 09:38:07.381
cancel;1074;;32;;2019-05-23 09:38:07.382
cancel;1066;;870;;2019-05-23 09:38:10.214
new;1077;False;33;95.8;2019-05-23 09:38:10.214
new;1078;False;70;95.8;2019-05-23 09:38:10.215
new;1079;False;25;95.8;2019-05-23 09:38:10.215
new;1080;False;80;95.8;2019-05-23 09:38:10.215
new;1081;False;32;95.85;2019-05-23 09:38:10.216
cancel;1072;;67;;2019-05-23 09:38:10.237
new;1082;False;28;95.8;2019-05-23 09:38:10.251
new;1083;False;63;95.9;2019-05-23 09:38:11.481
cancel;1042;;33;;2019-05-23 09:38:16.496
cancel;1052;;78;;2019-05-23 09:38:16.499
cancel;1075;;98;;2019-05-23 09:38:16.886
new;1084;False;121;95.8;2019-05-23 09:38:16.889
cancel;1083;;63;;2019-05-23 09:38:16.891
new;1085;False;70;95.85;2019-05-23 09:38:17.920
modif;1045;;34;;2019-05-23 09:38:19.680
new;1086;False;33;95.75;2019-05-23 09:38:19.680
new;1087;False;32;95.8;2019-05-23 09:38:19.682
cancel;1068;;25;;2019-05-23 09:38:19.683
new;1088;True;34;95.15;2019-05-23 09:38:19.683
new;1089;False;25;95.75;2019-05-23 09:38:19.683
cancel;1058;;32;;2019-05-23 09:38:19.684
cancel;1057;;32;;2019-05-23 09:38:19.684
new;1090;False;31;95.75;2019-05-23 09:38:19.684
new;1091;False;32;95.8;2019-05-23 09:38:19.688
cancel;1071;;63;;2019-05-23 09:38:19.702
new;1092;False;63;95.9;2019-05-23 09:38:19.702
cancel;1065;;63;;2019-05-23 09:38:19.706
cancel;1034;;63;;2019-05-23 09:38:19.714
cancel;1069;;33;;2019-05-23 09:38:19.749
new;1093;True;64;95.5;2019-05-23 09:38:21.140
new;1094;True;63;95.45;2019-05-23 09:38:22.039
cancel;1084;;121;;2019-05-23 09:38:24.429
cancel;1017;;80;;2019-05-23 09:38:24.434
new;1095;False;185;95.75;2019-05-23 09:38:24.435
cancel;1063;;25;;2019-05-23 09:38:24.435
cancel;1020;;33;;2019-05-23 09:38:26.111
cancel;1016;;150;;2019-05-23 09:38:26.111
new;1096;True;868;95.1;2019-05-23 09:38:26.111
cancel;1026;;250;;2019-05-23 09:38:26.112
cancel;1043;;523;;2019-05-23 09:38:26.112
new;1097;True;523;95.25;2019-05-23 09:38:26.112
new;1098;True;22;95.55;2019-05-23 09:38:26.112
cancel;1049;;68;;2019-05-23 09:38:26.132
new;1099;True;68;95.2;2019-05-23 09:38:26.132
cancel;1094;;63;;2019-05-23 09:38:26.135
new;1100;True;63;95.4;2019-05-23 09:38:26.135
new;1101;True;722;95.2;2019-05-23 09:38:26.138
cancel;1093;;64;;2019-05-23 09:38:26.138
cancel;1032;;203;;2019-05-23 09:38:26.195
new;1102;True;219;95.35;2019-05-23 09:38:27.581
new;1103;True;65;95.45;2019-05-23 09:38:27.581
modif;1039;;34;;2019-05-23 09:38:28.959
new;1104;False;33;95.7;2019-05-23 09:38:28.959
new;1105;False;70;95.7;2019-05-23 09:38:28.960
cancel;1044;;523;;2019-05-23 09:38:28.960
new;1106;False;523;96.0;2019-05-23 09:38:28.960
new;1107;False;25;95.7;2019-05-23 09:38:28.960
cancel;1021;;80;;2019-05-23 09:38:28.960
cancel;1028;;32;;2019-05-23 09:38:28.960
new;1108;False;250;96.0;2019-05-23 09:38:28.960
new;1109;False;32;95.75;2019-05-23 09:38:28.961
new;1110;False;32;95.75;2019-05-23 09:38:28.961
cancel;1050;;68;;2019-05-23 09:38:28.979
new;1111;False;68;96.05;2019-05-23 09:38:28.979
cancel;1085;;70;;2019-05-23 09:38:28.981
new;1112;False;33;95.7;2019-05-23 09:38:28.995
cancel;1105;;70;;2019-05-23 09:38:29.180
cancel;1060;;217;;2019-05-23 09:38:29.182
cancel;1082;;28;;2019-05-23 09:38:29.296
new;1113;False;64;95.8;2019-05-23 09:38:30.028
cancel;1112;;33;;2019-05-23 09:38:30.242
cancel;1107;;25;;2019-05-23 09:38:30.244
cancel;1104;;33;;2019-05-23 09:38:30.245
new;1114;False;34;96.2;2019-05-23 09:38:30.245
new;1115;True;80;95.55;2019-05-23 09:38:30.245
cancel;1110;;32;;2019-05-23 09:38:30.248
new;1116;False;217;95.9;2019-05-23 09:38:30.269
new;1117;False;53;95.75;2019-05-23 09:38:34.016
cancel;1117;;53;;2019-05-23 09:38:35.102
new;1118;False;53;95.75;2019-05-23 09:38:44.602
cancel;1114;;34;;2019-05-23 09:38:46.264
new;1119;False;34;95.7;2019-05-23 09:38:46.264
new;1120;False;70;95.7;2019-05-23 09:38:46.265
new;1121;False;27;95.7;2019-05-23 09:38:46.265
new;1122;False;33;95.7;2019-05-23 09:38:46.267
cancel;1115;;80;;2019-05-23 09:38:46.267
cancel;1098;;22;;2019-05-23 09:38:46.269
new;1123;False;53;95.7;2019-05-23 09:38:46.278
new;1124;False;32;95.75;2019-05-23 09:38:46.280
new;1125;False;80;95.7;2019-05-23 09:38:46.285
cancel;1025;;25;;2019-05-23 09:38:46.286
cancel;1118;;53;;2019-05-23 09:38:46.296
cancel;1027;;32;;2019-05-23 09:38:50.642
cancel;1008;;33;;2019-05-23 09:38:50.645
cancel;1111;;68;;2019-05-23 09:38:50.645
new;1126;False;68;96.0;2019-05-23 09:38:50.645
cancel;1113;;64;;2019-05-23 09:38:50.646
cancel;1014;;34;;2019-05-23 09:38:50.648
new;1127;False;26;95.65;2019-05-23 09:38:50.648
cancel;1067;;25;;2019-05-23 09:38:50.648
new;1128;False;60;95.65;2019-05-23 09:38:50.648
cancel;1106;;523;;2019-05-23 09:38:50.649
new;1129;False;523;95.95;2019-05-23 09:38:50.649
new;1130;False;28;95.65;2019-05-23 09:38:50.649
new;1131;False;53;95.65;2019-05-23 09:38:50.651
cancel;1123;;53;;2019-05-23 09:38:50.653
cancel;1092;;63;;2019-05-23 09:38:50.673
new;1132;False;63;95.8;2019-05-23 09:38:50.673
cancel;1128;;60;;2019-05-23 09:38:50.845
cancel;1090;;31;;2019-05-23 09:38:50.909
new;1133;False;69;95.75;2019-05-23 09:38:51.960
cancel;1095;;185;;2019-05-23 09:38:52.975
cancel;1005;;32;;2019-05-23 09:38:57.877
new;1134;False;67;95.65;2019-05-23 09:38:58.032
cancel;1131;;53;;2019-05-23 09:39:09.183
cancel;1127;;26;;2019-05-23 09:39:09.184
new;1135;True;34;95.55;2019-05-23 09:39:09.186
new;1136;True;80;95.55;2019-05-23 09:39:09.186
new;1137;True;78;95.55;2019-05-23 09:39:21.111
cancel;1137;;78;;2019-05-23 09:39:22.518
cancel;1134;;67;;2019-05-23 09:39:27.270
cancel;1120;;70;;2019-05-23 09:39:27.272
cancel;1121;;27;;2019-05-23 09:39:27.272
cancel;1130;;28;;2019-05-23 09:39:27.272
new;1138;False;34;96.15;2019-05-23 09:39:27.272
new;1139;True;32;95.5;2019-05-23 09:39:27.274
cancel;1132;;63;;2019-05-23 09:39:27.302
new;1140;False;63;95.85;2019-05-23 09:39:27.302
cancel;1133;;69;;2019-05-23 09:39:27.304
new;1141;False;68;95.8;2019-05-23 09:39:28.760
new;1142;True;44;95.55;2019-05-23 09:39:32.116
cancel;1125;;80;;2019-05-23 09:39:32.117
cancel;1119;;34;;2019-05-23 09:39:32.117
cancel;1122;;33;;2019-05-23 09:39:32.119
new;1143;False;34;96.2;2019-05-23 09:39:32.119
cancel;1124;;32;;2019-05-23 09:39:32.119
new;1144;False;28;95.75;2019-05-23 09:39:32.120
new;1145;False;91;95.75;2019-05-23 09:39:32.138
cancel;1140;;63;;2019-05-23 09:39:32.144
new;1146;False;63;95.9;2019-05-23 09:39:32.144
new;1147;False;55;95.8;2019-05-23 09:39:34.017
cancel;1145;;91;;2019-05-23 09:39:34.024
cancel;1143;;34;;2019-05-23 09:39:38.511
new;1148;False;2;95.7;2019-05-23 09:39:38.511
new;1149;False;60;95.7;2019-05-23 09:39:38.511
new;1150;False;53;95.75;2019-05-23 09:39:38.511
new;1151;False;31;95.7;2019-05-23 09:39:38.512
cancel;1147;;55;;2019-05-23 09:39:38.515
cancel;1149;;60;;2019-05-23 09:39:38.516
new;1152;False;32;95.75;2019-05-23 09:39:38.517
new;1153;False;34;95.7;2019-05-23 09:39:39.908
cancel;1153;;34;;2019-05-23 09:39:51.319
cancel;1151;;31;;2019-05-23 09:39:51.321
new;1154;False;132;95.7;2019-05-23 09:39:52.639
new;1155;False;31;95.7;2019-05-23 09:39:52.640
new;1156;False;27;95.7;2019-05-23 09:39:52.642
new;1157;False;80;95.7;2019-05-23 09:39:52.643
cancel;1136;;80;;2019-05-23 09:39:52.644
new;1158;False;31;95.7;2019-05-23 09:39:52.645
new;1159;False;53;95.7;2019-05-23 09:39:52.645
cancel;1150;;53;;2019-05-23 09:39:52.649
cancel;1141;;68;;2019-05-23 09:39:52.665
cancel;1142;;44;;2019-05-23 09:39:52.668
new;1160;False;64;95.75;2019-05-23 09:39:54.060
cancel;1159;;53;;2019-05-23 09:40:10.104
cancel;1135;;34;;2019-05-23 09:40:20.308
cancel;1148;;2;;2019-05-23 09:40:31.293
new;1161;True;32;95.55;2019-05-23 09:40:54.789
cancel;1157;;80;;2019-05-23 09:41:03.305
cancel;1158;;31;;2019-05-23 09:41:03.305
new;1162;True;80;95.55;2019-05-23 09:41:03.306
cancel;1096;;868;;2019-05-23 09:41:03.306
new;1163;True;60;95.6;2019-05-23 09:41:03.306
new;1164;True;250;95.3;2019-05-23 09:41:03.306
new;1165;True;25;95.55;2019-05-23 09:41:03.307
cancel;1097;;523;;2019-05-23 09:41:03.307
new;1166;True;523;95.3;2019-05-23 09:41:03.307
cancel;1152;;32;;2019-05-23 09:41:03.307
cancel;1099;;68;;2019-05-23 09:41:03.307
new;1167;True;68;95.25;2019-05-23 09:41:03.307
new;1168;True;32;95.6;2019-05-23 09:41:03.307
cancel;1103;;65;;2019-05-23 09:41:03.308
cancel;1160;;64;;2019-05-23 09:41:03.308
cancel;1155;;31;;2019-05-23 09:41:03.308
cancel;1156;;27;;2019-05-23 09:41:03.310
cancel;1163;;60;;2019-05-23 09:41:03.454
new;1169;True;64;95.5;2019-05-23 09:41:04.442
new;1170;False;70;95.8;2019-05-23 09:41:04.442
cancel;1154;;132;;2019-05-23 09:41:05.368
new;1171;False;34;96.2;2019-05-23 09:41:05.368
new;1172;True;25;95.6;2019-05-23 09:41:05.369
new;1173;True;32;95.55;2019-05-23 09:41:05.371
new;1174;True;32;95.55;2019-05-23 09:41:21.122
new;1175;True;44;95.6;2019-05-23 09:41:24.687
cancel;1109;;32;;2019-05-23 09:41:24.693
cancel;1144;;28;;2019-05-23 09:41:24.694
new;1176;False;55;95.8;2019-05-23 09:41:34.039
cancel;1088;;34;;2019-05-23 09:42:01.618
new;1177;True;90;95.65;2019-05-23 09:42:01.618
cancel;1086;;33;;2019-05-23 09:42:01.619
cancel;1166;;523;;2019-05-23 09:42:01.622
new;1178;True;523;95.35;2019-05-23 09:42:01.622
cancel;1091;;32;;2019-05-23 09:42:01.626
cancel;1167;;68;;2019-05-23 09:42:01.640
new;1179;True;68;95.3;2019-05-23 09:42:01.640
cancel;1170;;70;;2019-05-23 09:42:01.645
cancel;1169;;64;;2019-05-23 09:42:01.649
new;1180;False;32;95.75;2019-05-23 09:42:01.660
new;1181;False;53;95.75;2019-05-23 09:42:01.748
cancel;1176;;55;;2019-05-23 09:42:01.751
cancel;1100;;63;;2019-05-23 09:42:01.756
new;1182;True;63;95.5;2019-05-23 09:42:01.756
cancel;1102;;219;;2019-05-23 09:42:01.764
new;1183;True;216;95.45;2019-05-23 09:42:02.861
new;1184;True;70;95.55;2019-05-23 09:42:02.861
new;1185;False;70;95.85;2019-05-23 09:42:02.861
new;1186;False;31;95.75;2019-05-23 09:42:06.148
cancel;1076;;1637;;2019-05-23 09:42:11.640
cancel;1101;;722;;2019-05-23 09:42:11.640
new;1187;True;90;95.7;2019-05-23 09:42:11.640
cancel;1187;;90;;2019-05-23 09:42:11.640
new;1188;True;2359;95.2;2019-05-23 09:42:11.640
cancel;1180;;32;;2019-05-23 09:42:11.640
cancel;1089;;25;;2019-05-23 09:42:11.640
new;1189;True;25;95.65;2019-05-23 09:42:11.640
cancel;1178;;523;;2019-05-23 09:42:11.641
new;1190;True;523;95.4;2019-05-23 09:42:11.641
new;1191;False;32;95.75;2019-05-23 09:42:11.644
cancel;1179;;68;;2019-05-23 09:42:11.661
new;1192;True;68;95.35;2019-05-23 09:42:11.661
cancel;1181;;53;;2019-05-23 09:42:11.669
cancel;1184;;70;;2019-05-23 09:42:11.671
cancel;1047;;250;;2019-05-23 09:42:11.728
cancel;1191;;32;;2019-05-23 09:42:11.728
new;1193;True;32;95.65;2019-05-23 09:42:11.728
new;1194;True;80;95.65;2019-05-23 09:42:11.729
modif;1188;;250;;2019-05-23 09:42:11.729
new;1195;True;250;95.4;2019-05-23 09:42:11.729
cancel;1080;;80;;2019-05-23 09:42:11.729
cancel;1186;;31;;2019-05-23 09:42:11.777
new;1196;False;34;96.25;2019-05-23 09:42:11.777
cancel;1108;;250;;2019-05-23 09:42:11.777
new;1197;False;250;96.1;2019-05-23 09:42:11.777
cancel;1129;;523;;2019-05-23 09:42:11.778
new;1198;False;523;96.1;2019-05-23 09:42:11.778
new;1199;False;28;95.8;2019-05-23 09:42:11.779
new;1200;True;32;95.6;2019-05-23 09:42:11.781
cancel;1079;;25;;2019-05-23 09:42:11.786
cancel;1126;;68;;2019-05-23 09:42:11.798
new;1201;False;68;96.15;2019-05-23 09:42:11.798
cancel;1185;;70;;2019-05-23 09:42:11.806
cancel;1078;;70;;2019-05-23 09:42:11.808
cancel;1146;;63;;2019-05-23 09:42:11.816
new;1202;False;63;95.95;2019-05-23 09:42:11.816
cancel;1116;;217;;2019-05-23 09:42:11.836
cancel;1196;;34;;2019-05-23 09:42:12.032
new;1203;False;67;95.75;2019-05-23 09:42:12.032
modif;1188;;2109;;2019-05-23 09:42:12.204
new;1204;True;19;95.7;2019-05-23 09:42:12.204
new;1205;False;217;95.95;2019-05-23 09:42:12.981
new;1206;True;66;95.6;2019-05-23 09:42:12.981
new;1207;False;67;95.85;2019-05-23 09:42:12.981
new;1208;False;31;95.75;2019-05-23 09:42:15.295
new;1209;False;25;95.8;2019-05-23 09:42:15.296
new;1210;False;80;95.8;2019-05-23 09:42:15.296
cancel;1198;;523;;2019-05-23 09:42:15.296
new;1211;False;523;96.05;2019-05-23 09:42:15.296
cancel;1193;;32;;2019-05-23 09:42:15.316
cancel;1194;;80;;2019-05-23 09:42:15.316
cancel;1201;;68;;2019-05-23 09:42:15.317
new;1212;False;68;96.1;2019-05-23 09:42:15.317
new;1213;False;53;95.75;2019-05-23 09:42:15.676
new;1214;False;18;95.7;2019-05-23 09:42:15.677
new;1215;False;32;95.75;2019-05-23 09:42:15.678
cancel;1215;;32;;2019-05-23 09:42:19.863
cancel;1213;;53;;2019-05-23 09:42:25.258
new;1216;False;53;95.75;2019-05-23 09:42:29.254
cancel;1216;;53;;2019-05-23 09:42:31.280
new;1217;True;32;95.65;2019-05-23 09:42:31.280
new;1218;False;53;95.75;2019-05-23 09:42:35.285
cancel;1217;;32;;2019-05-23 09:42:39.641
new;1219;True;80;95.6;2019-05-23 09:42:39.642
cancel;1203;;67;;2019-05-23 09:42:41.270
cancel;1218;;53;;2019-05-23 09:42:41.272
new;1220;False;53;95.8;2019-05-23 09:42:45.268
new;1221;True;33;95.65;2019-05-23 09:42:53.273
new;1222;True;10;95.4;2019-05-23 09:43:00.393
new;1223;False;67;95.75;2019-05-23 09:43:03.032
new;1224;False;53;95.75;2019-05-23 09:43:03.036
cancel;1221;;33;;2019-05-23 09:43:03.036
cancel;1220;;53;;2019-05-23 09:43:03.038
new;1225;False;33;95.75;2019-05-23 09:43:03.051
new;1226;False;25;95.75;2019-05-23 09:43:03.055
new;1227;False;80;95.75;2019-05-23 09:43:03.057
cancel;1189;;25;;2019-05-23 09:43:03.058
new;1228;False;59;95.75;2019-05-23 09:43:07.508
cancel;1219;;80;;2019-05-23 09:43:13.562
cancel;1225;;33;;2019-05-23 09:43:23.034
new;1229;True;80;95.6;2019-05-23 09:43:23.034
cancel;1227;;80;;2019-05-23 09:43:23.225
new;1230;True;24;95.65;2019-05-23 09:43:23.227
cancel;1224;;53;;2019-05-23 09:43:27.959
new;1231;True;33;95.65;2019-05-23 09:43:30.615
new;1232;False;53;95.75;2019-05-23 09:43:31.967
cancel;1223;;67;;2019-05-23 09:43:32.271
cancel;1232;;53;;2019-05-23 09:43:33.012
new;1233;False;55;95.8;2019-05-23 09:43:33.019
new;1234;False;67;95.75;2019-05-23 09:43:36.032
new;1235;False;53;95.75;2019-05-23 09:43:37.038
cancel;1233;;55;;2019-05-23 09:43:37.042
cancel;1235;;53;;2019-05-23 09:43:38.059
cancel;1231;;33;;2019-05-23 09:43:39.676
new;1236;False;1;95.7;2019-05-23 09:43:40.133
new;1237;True;2109;95.2;2019-05-23 09:43:40.133
cancel;1164;;250;;2019-05-23 09:43:40.134
new;1238;False;33;95.75;2019-05-23 09:43:40.134
cancel;1230;;24;;2019-05-23 09:43:40.134
cancel;1177;;90;;2019-05-23 09:43:40.134
new;1239;True;34;95.15;2019-05-23 09:43:40.134
cancel;1195;;250;;2019-05-23 09:43:40.134
new;1240;True;250;95.3;2019-05-23 09:43:40.134
cancel;1200;;32;;2019-05-23 09:43:40.136
new;1241;False;32;95.8;2019-05-23 09:43:40.139
cancel;1206;;66;;2019-05-23 09:43:40.161
cancel;1182;;63;;2019-05-23 09:43:40.162
new;1242;True;63;95.45;2019-05-23 09:43:40.162
cancel;1171;;34;;2019-05-23 09:43:40.164
new;1243;False;39;95.7;2019-05-23 09:43:40.164
cancel;1172;;25;;2019-05-23 09:43:40.165
new;1244;False;80;95.75;2019-05-23 09:43:40.165
new;1245;False;24;95.7;2019-05-23 09:43:40.165
cancel;1211;;523;;2019-05-23 09:43:40.165
new;1246;False;523;96.0;2019-05-23 09:43:40.165
cancel;1174;;32;;2019-05-23 09:43:40.165
new;1247;False;18;95.7;2019-05-23 09:43:40.166
new;1248;False;250;96.0;2019-05-23 09:43:40.166
cancel;1229;;80;;2019-05-23 09:43:40.166
cancel;1175;;44;;2019-05-23 09:43:40.168
cancel;1168;;32;;2019-05-23 09:43:40.184
new;1249;True;1118;95.1;2019-05-23 09:43:40.184
new;1250;False;33;95.7;2019-05-23 09:43:40.184
cancel;1190;;523;;2019-05-23 09:43:40.185
new;1251;True;523;95.25;2019-05-23 09:43:40.185
cancel;1212;;68;;2019-05-23 09:43:40.185
new;1252;False;68;96.05;2019-05-23 09:43:40.185
