ordtype;uid;is_buy;qty;price;timestamp
new;59;False;74;95.7;2019-05-21 09:00:23.256
new;60;False;13;96.0;2019-05-21 09:00:23.256
new;61;False;1;96.05;2019-05-21 09:00:23.256
new;62;False;125;96.2;2019-05-21 09:00:23.256
new;63;False;62;96.25;2019-05-21 09:00:23.256
new;64;False;15;96.4;2019-05-21 09:00:23.256
new;65;False;30;96.45;2019-05-21 09:00:23.256
new;66;False;42;96.5;2019-05-21 09:00:23.256
new;67;False;500;96.65;2019-05-21 09:00:23.256
new;68;False;42;96.8;2019-05-21 09:00:23.256
new;69;True;200;95.5;2019-05-21 09:00:23.256
new;70;True;207;95.25;2019-05-21 09:00:23.256
new;71;True;42;95.15;2019-05-21 09:00:23.256
new;72;True;157;94.95;2019-05-21 09:00:23.256
new;73;True;1134;94.9;2019-05-21 09:00:23.256
new;74;True;42;94.75;2019-05-21 09:00:23.256
new;75;True;147;94.65;2019-05-21 09:00:23.256
new;76;True;42;94.6;2019-05-21 09:00:23.256
new;77;True;108;94.5;2019-05-21 09:00:23.256
new;78;True;42;94.45;2019-05-21 09:00:23.256
new;79;True;66;95.15;2019-05-21 09:00:23.864
new;80;False;66;96.05;2019-05-21 09:00:23.866
modif;59;;1;;2019-05-21 09:00:23.991
cancel;61;;1;;2019-05-21 09:00:23.991
cancel;68;;42;;2019-05-21 09:00:23.998
new;81;False;4;96.3;2019-05-21 09:00:23.998
new;82;False;6;96.3;2019-05-21 09:00:23.999
modif;73;;234;;2019-05-21 09:00:23.999
modif;59;;73;;2019-05-21 09:00:24.002
new;83;False;42;96.8;2019-05-21 09:00:24.002
cancel;78;;42;;2019-05-21 09:00:24.002
new;84;True;33;95.1;2019-05-21 09:00:24.002
cancel;83;;42;;2019-05-21 09:00:24.003
new;85;False;33;96.1;2019-05-21 09:00:24.003
new;86;False;33;96.05;2019-05-21 09:00:24.005
new;87;True;33;95.15;2019-05-21 09:00:24.006
cancel;77;;108;;2019-05-21 09:00:24.013
new;88;True;524;95.2;2019-05-21 09:00:24.013
new;89;False;524;96.0;2019-05-21 09:00:24.013
cancel;76;;42;;2019-05-21 09:00:24.013
new;90;True;524;94.85;2019-05-21 09:00:24.013
cancel;67;;500;;2019-05-21 09:00:24.014
new;91;False;524;96.35;2019-05-21 09:00:24.014
new;92;False;39;96.0;2019-05-21 09:00:24.164
cancel;66;;42;;2019-05-21 09:00:24.198
new;93;False;61;95.95;2019-05-21 09:00:24.198
new;94;False;83;96.0;2019-05-21 09:00:24.200
cancel;65;;30;;2019-05-21 09:00:24.502
new;95;False;23;95.9;2019-05-21 09:00:24.502
cancel;80;;66;;2019-05-21 09:00:24.551
new;96;False;66;96.25;2019-05-21 09:00:24.551
cancel;64;;15;;2019-05-21 09:00:24.778
new;97;False;33;96.15;2019-05-21 09:00:24.778
new;98;True;33;95.2;2019-05-21 09:00:24.782
new;99;False;33;96.0;2019-05-21 09:00:24.783
new;100;True;33;95.25;2019-05-21 09:00:24.783
new;101;False;33;95.95;2019-05-21 09:00:24.784
cancel;75;;147;;2019-05-21 09:00:24.784
new;102;True;33;95.3;2019-05-21 09:00:24.784
new;103;False;33;95.9;2019-05-21 09:00:24.784
cancel;74;;42;;2019-05-21 09:00:25.028
new;104;True;63;95.35;2019-05-21 09:00:25.028
new;105;False;63;96.05;2019-05-21 09:00:25.033
new;106;False;43;95.9;2019-05-21 09:00:25.173
cancel;89;;524;;2019-05-21 09:00:25.176
cancel;91;;524;;2019-05-21 09:00:25.176
new;107;False;15;96.4;2019-05-21 09:00:25.176
cancel;107;;15;;2019-05-21 09:00:25.783
new;108;False;33;95.85;2019-05-21 09:00:25.783
new;109;True;33;95.35;2019-05-21 09:00:25.783
cancel;81;;4;;2019-05-21 09:00:25.785
cancel;82;;6;;2019-05-21 09:00:25.785
new;110;False;33;95.8;2019-05-21 09:00:25.785
cancel;90;;524;;2019-05-21 09:00:25.787
new;111;True;33;95.4;2019-05-21 09:00:25.787
new;112;True;142;95.25;2019-05-21 09:00:25.800
cancel;96;;66;;2019-05-21 09:00:25.804
new;113;False;66;96.2;2019-05-21 09:00:25.804
cancel;105;;63;;2019-05-21 09:00:26.006
new;114;False;46;95.8;2019-05-21 09:00:26.182
new;115;True;250;94.95;2019-05-21 09:00:26.513
new;116;True;250;95.2;2019-05-21 09:00:26.514
new;117;False;250;96.1;2019-05-21 09:00:26.515
modif;73;;900;;2019-05-21 09:00:26.780
new;118;True;33;95.45;2019-05-21 09:00:26.780
cancel;113;;66;;2019-05-21 09:00:26.865
new;119;False;66;96.15;2019-05-21 09:00:26.865
new;120;False;63;95.95;2019-05-21 09:00:28.037
cancel;94;;83;;2019-05-21 09:00:28.195
modif;93;;52;;2019-05-21 09:00:28.197
cancel;63;;62;;2019-05-21 09:00:28.234
new;121;False;74;95.75;2019-05-21 09:00:28.234
new;122;False;523;96.05;2019-05-21 09:00:28.236
new;123;False;61;95.8;2019-05-21 09:00:28.236
new;124;False;51;95.75;2019-05-21 09:00:28.236
cancel;119;;66;;2019-05-21 09:00:28.255
new;125;False;66;96.1;2019-05-21 09:00:28.255
cancel;118;;33;;2019-05-21 09:00:28.304
new;126;True;900;94.9;2019-05-21 09:00:28.304
new;127;False;33;95.75;2019-05-21 09:00:28.780
new;128;False;4;96.0;2019-05-21 09:00:31.283
new;129;False;6;95.95;2019-05-21 09:00:33.677
cancel;62;;125;;2019-05-21 09:00:34.601
new;130;False;100;95.7;2019-05-21 09:00:34.601
cancel;122;;523;;2019-05-21 09:00:34.602
new;131;False;523;96.0;2019-05-21 09:00:34.602
new;132;False;250;96.0;2019-05-21 09:00:34.620
cancel;125;;66;;2019-05-21 09:00:34.622
new;133;False;66;96.05;2019-05-21 09:00:34.622
cancel;120;;63;;2019-05-21 09:00:34.663
new;134;False;63;95.85;2019-05-21 09:00:34.663
cancel;92;;39;;2019-05-21 09:00:34.753
cancel;95;;23;;2019-05-21 09:00:34.967
cancel;123;;61;;2019-05-21 09:00:35.195
modif;93;;9;;2019-05-21 09:00:35.196
new;135;False;61;95.7;2019-05-21 09:00:35.221
new;136;False;9;95.7;2019-05-21 09:00:35.231
cancel;129;;6;;2019-05-21 09:00:36.671
new;137;False;6;95.8;2019-05-21 09:00:36.671
new;138;False;49;95.7;2019-05-21 09:00:36.719
cancel;106;;43;;2019-05-21 09:00:36.769
cancel;126;;900;;2019-05-21 09:00:36.778
new;139;True;33;95.05;2019-05-21 09:00:36.778
new;140;False;33;95.7;2019-05-21 09:00:44.604
new;141;False;132;95.5;2019-05-21 09:00:44.631
cancel;97;;33;;2019-05-21 09:00:44.633
new;142;False;33;95.65;2019-05-21 09:00:44.633
cancel;111;;33;;2019-05-21 09:00:44.633
new;143;True;900;94.9;2019-05-21 09:00:44.633
new;144;False;68;95.5;2019-05-21 09:00:44.633
new;145;True;524;94.85;2019-05-21 09:00:44.633
cancel;116;;250;;2019-05-21 09:00:44.633
new;146;True;250;95.05;2019-05-21 09:00:44.633
cancel;131;;523;;2019-05-21 09:00:44.633
new;147;False;523;95.95;2019-05-21 09:00:44.633
cancel;88;;524;;2019-05-21 09:00:44.633
new;148;True;524;95.05;2019-05-21 09:00:44.633
cancel;145;;524;;2019-05-21 09:00:44.633
new;149;True;42;94.75;2019-05-21 09:00:44.633
cancel;133;;66;;2019-05-21 09:00:44.652
new;150;False;66;96.0;2019-05-21 09:00:44.652
cancel;79;;66;;2019-05-21 09:00:44.654
cancel;149;;42;;2019-05-21 09:00:44.654
new;151;True;66;95.0;2019-05-21 09:00:44.654
cancel;104;;63;;2019-05-21 09:00:44.701
new;152;True;63;95.2;2019-05-21 09:00:44.701
new;153;True;33;95.0;2019-05-21 09:00:44.778
cancel;121;;74;;2019-05-21 09:00:45.195
cancel;85;;33;;2019-05-21 09:00:45.242
cancel;117;;250;;2019-05-21 09:00:45.242
new;154;False;62;95.6;2019-05-21 09:00:45.242
cancel;109;;33;;2019-05-21 09:00:45.243
new;155;True;42;94.75;2019-05-21 09:00:45.243
cancel;115;;250;;2019-05-21 09:00:45.243
new;156;True;250;94.75;2019-05-21 09:00:45.243
new;157;False;12;95.8;2019-05-21 09:00:45.245
new;158;False;250;95.9;2019-05-21 09:00:45.245
cancel;134;;63;;2019-05-21 09:00:45.274
cancel;152;;63;;2019-05-21 09:00:45.274
new;159;False;33;95.6;2019-05-21 09:00:45.285
new;160;True;33;94.95;2019-05-21 09:00:45.778
cancel;148;;524;;2019-05-21 09:00:46.525
new;161;True;524;95.0;2019-05-21 09:00:46.525
cancel;147;;523;;2019-05-21 09:00:46.525
new;162;False;523;95.9;2019-05-21 09:00:46.525
cancel;151;;66;;2019-05-21 09:00:46.527
new;163;True;66;94.95;2019-05-21 09:00:46.527
cancel;150;;66;;2019-05-21 09:00:46.527
new;164;False;66;95.95;2019-05-21 09:00:46.527
new;165;False;63;95.75;2019-05-21 09:00:47.037
new;166;True;63;95.15;2019-05-21 09:00:47.037
cancel;159;;33;;2019-05-21 09:00:47.702
cancel;128;;4;;2019-05-21 09:00:47.831
new;167;False;4;95.85;2019-05-21 09:00:47.831
cancel;102;;33;;2019-05-21 09:00:50.192
new;168;True;671;94.65;2019-05-21 09:00:50.192
cancel;161;;524;;2019-05-21 09:00:50.192
new;169;True;524;94.95;2019-05-21 09:00:50.192
modif;168;;524;;2019-05-21 09:00:50.192
cancel;166;;63;;2019-05-21 09:00:50.227
new;170;True;63;95.1;2019-05-21 09:00:50.227
new;171;True;250;94.95;2019-05-21 09:00:50.258
cancel;146;;250;;2019-05-21 09:00:50.258
cancel;163;;66;;2019-05-21 09:00:50.260
new;172;True;66;94.9;2019-05-21 09:00:50.260
cancel;100;;33;;2019-05-21 09:00:52.399
cancel;60;;13;;2019-05-21 09:00:52.693
cancel;172;;66;;2019-05-21 09:00:53.616
cancel;164;;66;;2019-05-21 09:00:53.616
new;173;True;9;95.25;2019-05-21 09:00:54.195
modif;70;;63;;2019-05-21 09:00:56.037
new;174;False;46;95.6;2019-05-21 09:00:56.073
cancel;114;;46;;2019-05-21 09:00:56.426
modif;168;;147;;2019-05-21 09:01:00.027
new;175;True;72;95.3;2019-05-21 09:01:00.027
cancel;169;;524;;2019-05-21 09:01:00.027
new;176;True;524;95.0;2019-05-21 09:01:00.027
cancel;173;;9;;2019-05-21 09:01:00.058
new;177;True;9;95.3;2019-05-21 09:01:00.108
new;178;False;23;95.6;2019-05-21 09:01:01.039
new;179;False;32;95.6;2019-05-21 09:01:08.547
new;180;False;32;95.65;2019-05-21 09:01:08.547
new;181;False;32;95.65;2019-05-21 09:01:10.046
new;182;False;32;95.7;2019-05-21 09:01:10.046
cancel;136;;9;;2019-05-21 09:01:10.078
cancel;157;;12;;2019-05-21 09:01:10.079
modif;130;;56;;2019-05-21 09:01:10.082
new;183;False;32;95.7;2019-05-21 09:01:11.553
new;184;False;32;95.75;2019-05-21 09:01:11.553
cancel;175;;72;;2019-05-21 09:01:11.627
cancel;177;;9;;2019-05-21 09:01:11.662
new;185;True;671;94.65;2019-05-21 09:01:11.662
cancel;185;;671;;2019-05-21 09:01:11.665
new;186;True;72;95.3;2019-05-21 09:01:11.665
new;187;False;32;95.75;2019-05-21 09:01:13.052
new;188;False;32;95.8;2019-05-21 09:01:13.052
cancel;86;;33;;2019-05-21 09:01:14.378
new;189;False;233;95.55;2019-05-21 09:01:14.378
cancel;98;;33;;2019-05-21 09:01:14.378
new;190;True;671;94.65;2019-05-21 09:01:14.378
new;191;False;43;95.55;2019-05-21 09:01:14.378
cancel;162;;523;;2019-05-21 09:01:14.380
new;192;False;523;95.85;2019-05-21 09:01:14.380
new;193;False;32;95.55;2019-05-21 09:01:14.560
new;194;False;32;95.6;2019-05-21 09:01:14.560
cancel;178;;23;;2019-05-21 09:01:14.966
modif;130;;5;;2019-05-21 09:01:15.196
cancel;154;;62;;2019-05-21 09:01:15.196
cancel;99;;33;;2019-05-21 09:01:15.199
cancel;132;;250;;2019-05-21 09:01:15.199
new;195;False;67;95.5;2019-05-21 09:01:15.199
new;196;False;250;95.8;2019-05-21 09:01:15.216
cancel;165;;63;;2019-05-21 09:01:15.231
new;197;False;63;95.65;2019-05-21 09:01:15.231
cancel;192;;523;;2019-05-21 09:01:15.927
new;198;False;523;95.8;2019-05-21 09:01:15.927
cancel;190;;671;;2019-05-21 09:01:17.135
new;199;True;32;95.2;2019-05-21 09:01:17.135
cancel;167;;4;;2019-05-21 09:01:17.871
new;200;False;4;95.75;2019-05-21 09:01:17.871
cancel;137;;6;;2019-05-21 09:01:18.762
new;201;False;6;95.65;2019-05-21 09:01:18.762
new;202;True;29;95.25;2019-05-21 09:01:20.009
new;203;False;29;95.55;2019-05-21 09:01:20.011
new;204;True;29;95.2;2019-05-21 09:01:21.106
new;205;False;29;95.6;2019-05-21 09:01:21.106
new;206;True;29;95.15;2019-05-21 09:01:22.206
new;207;False;29;95.65;2019-05-21 09:01:22.206
cancel;189;;233;;2019-05-21 09:01:23.216
new;208;True;29;95.1;2019-05-21 09:01:23.308
new;209;False;29;95.7;2019-05-21 09:01:23.308
new;210;True;29;95.05;2019-05-21 09:01:24.406
new;211;False;29;95.75;2019-05-21 09:01:24.406
new;212;True;29;95.0;2019-05-21 09:01:25.507
new;213;False;29;95.8;2019-05-21 09:01:25.507
new;214;True;29;94.95;2019-05-21 09:01:26.605
new;215;False;29;95.85;2019-05-21 09:01:26.605
new;216;True;29;94.9;2019-05-21 09:01:27.706
new;217;False;29;95.9;2019-05-21 09:01:27.706
new;218;True;32;95.15;2019-05-21 09:01:28.174
cancel;155;;42;;2019-05-21 09:01:28.805
cancel;156;;250;;2019-05-21 09:01:28.805
new;219;True;29;94.85;2019-05-21 09:01:28.805
new;220;False;29;95.95;2019-05-21 09:01:28.807
modif;70;;144;;2019-05-21 09:01:31.101
cancel;72;;157;;2019-05-21 09:01:31.185
new;221;True;9;95.3;2019-05-21 09:01:34.444
new;222;True;33;94.9;2019-05-21 09:01:40.778
new;223;True;33;95.2;2019-05-21 09:01:41.780
new;224;False;33;95.6;2019-05-21 09:01:44.517
cancel;199;;32;;2019-05-21 09:02:01.673
cancel;218;;32;;2019-05-21 09:02:01.673
new;225;False;32;95.55;2019-05-21 09:02:03.197
new;226;True;105;95.3;2019-05-21 09:02:09.592
cancel;186;;72;;2019-05-21 09:02:12.661
cancel;219;;29;;2019-05-21 09:02:12.665
new;227;True;63;95.35;2019-05-21 09:02:12.665
cancel;176;;524;;2019-05-21 09:02:12.666
new;228;True;524;95.05;2019-05-21 09:02:12.666
cancel;225;;32;;2019-05-21 09:02:12.666
new;229;True;250;95.05;2019-05-21 09:02:12.685
cancel;170;;63;;2019-05-21 09:02:12.702
new;230;True;63;95.2;2019-05-21 09:02:12.702
new;231;True;29;95.3;2019-05-21 09:02:12.702
cancel;221;;9;;2019-05-21 09:02:12.726
new;232;True;9;95.35;2019-05-21 09:02:12.778
cancel;226;;105;;2019-05-21 09:02:13.347
new;233;True;105;95.35;2019-05-21 09:02:13.373
cancel;201;;6;;2019-05-21 09:02:17.710
new;234;True;34;95.25;2019-05-21 09:02:19.401
cancel;224;;33;;2019-05-21 09:02:20.885
new;235;True;54;95.5;2019-05-21 09:02:33.287
new;236;True;34;95.3;2019-05-21 09:02:33.288
new;237;True;13;95.5;2019-05-21 09:02:33.288
new;238;False;62;96.0;2019-05-21 09:02:33.288
cancel;203;;29;;2019-05-21 09:02:33.289
cancel;158;;250;;2019-05-21 09:02:33.289
cancel;191;;43;;2019-05-21 09:02:33.289
cancel;193;;32;;2019-05-21 09:02:33.291
new;239;False;62;96.05;2019-05-21 09:02:33.291
cancel;205;;29;;2019-05-21 09:02:33.292
cancel;196;;250;;2019-05-21 09:02:33.292
new;240;False;250;95.9;2019-05-21 09:02:33.292
cancel;197;;63;;2019-05-21 09:02:33.324
new;241;False;63;95.7;2019-05-21 09:02:33.324
modif;130;;39;;2019-05-21 09:02:33.439
cancel;135;;61;;2019-05-21 09:02:33.439
cancel;241;;63;;2019-05-21 09:02:34.042
cancel;194;;32;;2019-05-21 09:02:34.871
new;242;False;63;95.75;2019-05-21 09:02:36.043
new;243;False;23;95.6;2019-05-21 09:02:37.055
new;244;False;32;95.8;2019-05-21 09:02:37.305
cancel;239;;62;;2019-05-21 09:02:37.820
new;245;False;100;95.55;2019-05-21 09:02:37.820
new;246;False;29;95.6;2019-05-21 09:02:37.902
cancel;236;;34;;2019-05-21 09:02:39.173
new;247;False;32;95.6;2019-05-21 09:02:39.179
cancel;243;;23;;2019-05-21 09:02:50.601
new;248;False;34;95.6;2019-05-21 09:03:00.166
cancel;227;;63;;2019-05-21 09:03:12.661
cancel;143;;900;;2019-05-21 09:03:12.865
cancel;216;;29;;2019-05-21 09:03:12.865
cancel;222;;33;;2019-05-21 09:03:12.865
new;249;True;49;95.45;2019-05-21 09:03:12.865
new;250;True;34;95.3;2019-05-21 09:03:12.866
cancel;228;;524;;2019-05-21 09:03:12.866
new;251;True;524;95.15;2019-05-21 09:03:12.866
cancel;247;;32;;2019-05-21 09:03:12.866
cancel;171;;250;;2019-05-21 09:03:12.884
new;252;True;250;95.15;2019-05-21 09:03:12.884
cancel;230;;63;;2019-05-21 09:03:12.901
new;253;True;63;95.3;2019-05-21 09:03:12.901
cancel;232;;9;;2019-05-21 09:03:12.901
cancel;160;;33;;2019-05-21 09:03:12.901
cancel;214;;29;;2019-05-21 09:03:12.901
new;254;True;29;95.4;2019-05-21 09:03:12.901
new;255;True;9;95.45;2019-05-21 09:03:12.952
cancel;248;;34;;2019-05-21 09:03:12.952
new;256;True;29;95.35;2019-05-21 09:03:13.001
cancel;233;;105;;2019-05-21 09:03:13.425
new;257;True;105;95.45;2019-05-21 09:03:13.450
cancel;249;;49;;2019-05-21 09:03:16.853
cancel;179;;32;;2019-05-21 09:03:20.401
new;258;True;48;95.45;2019-05-21 09:03:24.665
new;259;True;34;95.35;2019-05-21 09:03:25.549
cancel;257;;105;;2019-05-21 09:03:30.040
cancel;259;;34;;2019-05-21 09:03:30.041
new;260;True;78;95.45;2019-05-21 09:03:30.359
new;261;True;34;95.35;2019-05-21 09:03:40.242
new;262;False;26;95.55;2019-05-21 09:03:41.552
new;263;True;200;95.25;2019-05-21 09:03:57.055
new;264;True;49;95.55;2019-05-21 09:03:58.035
new;265;True;62;95.4;2019-05-21 09:03:58.085
cancel;153;;33;;2019-05-21 09:04:17.209
cancel;212;;29;;2019-05-21 09:04:17.209
new;266;True;106;95.5;2019-05-21 09:04:17.209
cancel;251;;524;;2019-05-21 09:04:17.210
new;267;True;524;95.2;2019-05-21 09:04:17.210
new;268;True;51;95.55;2019-05-21 09:04:17.210
new;269;True;19;95.55;2019-05-21 09:04:17.210
cancel;255;;9;;2019-05-21 09:04:17.236
cancel;260;;78;;2019-05-21 09:04:17.256
cancel;265;;62;;2019-05-21 09:04:17.268
new;270;True;9;95.5;2019-05-21 09:04:17.287
cancel;181;;32;;2019-05-21 09:04:17.297
new;271;True;81;95.5;2019-05-21 09:04:17.306
new;272;True;29;95.45;2019-05-21 09:04:17.401
new;273;False;100;95.55;2019-05-21 09:04:19.827
cancel;270;;9;;2019-05-21 09:04:19.854
cancel;266;;106;;2019-05-21 09:04:19.868
new;274;True;7;95.55;2019-05-21 09:04:19.878
new;275;True;88;95.55;2019-05-21 09:04:19.878
new;276;True;12;95.55;2019-05-21 09:04:19.878
new;277;False;62;96.05;2019-05-21 09:04:19.878
cancel;246;;29;;2019-05-21 09:04:19.878
cancel;174;;46;;2019-05-21 09:04:19.879
new;278;False;312;96.1;2019-05-21 09:04:19.879
cancel;207;;29;;2019-05-21 09:04:19.879
new;279;True;32;95.4;2019-05-21 09:04:19.879
cancel;198;;523;;2019-05-21 09:04:19.879
new;280;False;523;95.95;2019-05-21 09:04:19.879
cancel;180;;32;;2019-05-21 09:04:19.879
new;281;True;106;95.5;2019-05-21 09:04:19.903
cancel;142;;33;;2019-05-21 09:04:19.904
new;282;False;585;96.15;2019-05-21 09:04:19.904
cancel;209;;29;;2019-05-21 09:04:19.904
cancel;240;;250;;2019-05-21 09:04:19.904
new;283;False;250;96.0;2019-05-21 09:04:19.904
modif;282;;523;;2019-05-21 09:04:19.904
cancel;183;;32;;2019-05-21 09:04:19.904
new;284;False;46;95.8;2019-05-21 09:04:19.905
cancel;242;;63;;2019-05-21 09:04:19.912
new;285;False;63;95.8;2019-05-21 09:04:19.912
new;286;True;58;95.35;2019-05-21 09:04:19.922
cancel;281;;106;;2019-05-21 09:04:19.929
cancel;285;;63;;2019-05-21 09:04:20.053
cancel;263;;200;;2019-05-21 09:04:20.552
new;287;True;200;95.15;2019-05-21 09:04:20.552
cancel;182;;32;;2019-05-21 09:04:20.833
new;288;True;86;95.5;2019-05-21 09:04:20.979
new;289;True;32;95.45;2019-05-21 09:04:20.979
new;290;False;63;95.85;2019-05-21 09:04:22.041
cancel;200;;4;;2019-05-21 09:04:22.128
new;291;False;4;95.95;2019-05-21 09:04:22.128
new;292;False;100;95.7;2019-05-21 09:04:22.827
cancel;139;;33;;2019-05-21 09:04:23.662
cancel;210;;29;;2019-05-21 09:04:23.662
cancel;229;;250;;2019-05-21 09:04:23.662
new;293;True;53;95.55;2019-05-21 09:04:23.662
cancel;267;;524;;2019-05-21 09:04:23.664
new;294;True;524;95.25;2019-05-21 09:04:23.664
new;295;True;250;95.25;2019-05-21 09:04:23.682
cancel;253;;63;;2019-05-21 09:04:23.694
cancel;271;;81;;2019-05-21 09:04:23.714
new;296;True;29;95.5;2019-05-21 09:04:23.802
new;297;False;32;95.85;2019-05-21 09:04:23.911
new;298;True;63;95.4;2019-05-21 09:04:24.042
new;299;False;32;95.85;2019-05-21 09:04:24.828
cancel;288;;86;;2019-05-21 09:04:24.973
new;300;True;86;95.55;2019-05-21 09:04:24.999
new;301;False;32;95.9;2019-05-21 09:04:25.410
new;302;False;32;95.9;2019-05-21 09:04:26.335
cancel;187;;32;;2019-05-21 09:04:30.015
cancel;140;;33;;2019-05-21 09:04:30.095
modif;293;;29;;2019-05-21 09:04:30.979
new;303;True;9;95.55;2019-05-21 09:04:32.260
new;304;False;3;95.7;2019-05-21 09:04:37.588
new;305;False;32;95.7;2019-05-21 09:04:43.462
modif;293;;5;;2019-05-21 09:04:49.976
cancel;303;;9;;2019-05-21 09:04:53.803
cancel;305;;32;;2019-05-21 09:04:53.857
new;306;True;32;95.5;2019-05-21 09:04:53.859
new;307;False;65;95.7;2019-05-21 09:04:53.866
cancel;286;;58;;2019-05-21 09:04:53.868
cancel;84;;33;;2019-05-21 09:04:53.894
cancel;208;;29;;2019-05-21 09:04:53.894
new;308;True;58;95.6;2019-05-21 09:04:53.894
cancel;294;;524;;2019-05-21 09:04:53.895
new;309;True;524;95.3;2019-05-21 09:04:53.895
cancel;184;;32;;2019-05-21 09:04:53.895
modif;300;;52;;2019-05-21 09:04:53.972
cancel;306;;32;;2019-05-21 09:04:53.976
new;310;True;29;95.55;2019-05-21 09:04:54.002
cancel;304;;3;;2019-05-21 09:04:54.035
cancel;138;;49;;2019-05-21 09:04:54.268
cancel;284;;46;;2019-05-21 09:04:54.268
cancel;124;;51;;2019-05-21 09:04:54.268
new;311;True;32;95.5;2019-05-21 09:04:54.456
new;312;True;54;95.7;2019-05-21 09:04:58.035
cancel;292;;46;;2019-05-21 09:05:00.813
modif;278;;250;;2019-05-21 09:05:00.813
new;313;True;65;95.7;2019-05-21 09:05:00.813
new;314;False;991;96.2;2019-05-21 09:05:00.813
new;315;True;19;95.45;2019-05-21 09:05:00.813
new;316;False;19;95.85;2019-05-21 09:05:00.814
cancel;211;;29;;2019-05-21 09:05:00.814
cancel;127;;33;;2019-05-21 09:05:00.814
new;317;False;29;96.25;2019-05-21 09:05:00.814
new;318;True;32;95.55;2019-05-21 09:05:00.814
cancel;244;;32;;2019-05-21 09:05:00.815
cancel;213;;29;;2019-05-21 09:05:00.815
cancel;283;;250;;2019-05-21 09:05:00.815
new;319;False;250;96.1;2019-05-21 09:05:00.815
cancel;280;;523;;2019-05-21 09:05:00.815
new;320;False;523;96.1;2019-05-21 09:05:00.815
cancel;188;;32;;2019-05-21 09:05:00.815
cancel;290;;63;;2019-05-21 09:05:00.849
new;321;False;63;95.9;2019-05-21 09:05:00.849
cancel;258;;48;;2019-05-21 09:05:00.860
new;322;True;59;95.5;2019-05-21 09:05:00.863
cancel;321;;63;;2019-05-21 09:05:01.045
new;323;False;32;96.2;2019-05-21 09:05:01.777
new;324;False;63;95.95;2019-05-21 09:05:03.042
new;325;False;32;95.95;2019-05-21 09:05:04.819
new;326;False;32;95.95;2019-05-21 09:05:04.824
new;327;False;32;96.0;2019-05-21 09:05:06.325
new;328;False;32;96.0;2019-05-21 09:05:06.325
new;329;False;53;95.6;2019-05-21 09:05:38.670
cancel;318;;32;;2019-05-21 09:05:38.671
cancel;317;;29;;2019-05-21 09:05:38.671
new;330;False;32;95.75;2019-05-21 09:05:38.671
new;331;True;17;95.5;2019-05-21 09:05:38.671
new;332;False;17;95.95;2019-05-21 09:05:38.671
cancel;311;;32;;2019-05-21 09:05:38.671
cancel;320;;523;;2019-05-21 09:05:38.671
new;333;False;523;96.05;2019-05-21 09:05:38.671
new;334;True;32;95.5;2019-05-21 09:05:38.695
new;335;False;100;95.8;2019-05-21 09:05:38.836
new;336;False;32;95.8;2019-05-21 09:05:43.298
new;337;False;50;95.75;2019-05-21 09:05:50.644
new;338;False;5;95.6;2019-05-21 09:05:50.644
new;339;True;899;95.1;2019-05-21 09:05:50.644
new;340;True;17;95.55;2019-05-21 09:05:50.644
new;341;False;17;95.9;2019-05-21 09:05:50.644
cancel;310;;29;;2019-05-21 09:05:50.644
cancel;334;;32;;2019-05-21 09:05:50.644
cancel;314;;991;;2019-05-21 09:05:50.645
cancel;323;;32;;2019-05-21 09:05:50.645
new;342;False;32;95.7;2019-05-21 09:05:50.645
cancel;333;;523;;2019-05-21 09:05:50.645
new;343;False;523;96.0;2019-05-21 09:05:50.645
new;344;False;32;95.75;2019-05-21 09:05:50.645
new;345;False;32;95.8;2019-05-21 09:05:50.645
new;346;False;250;96.0;2019-05-21 09:05:50.646
cancel;289;;32;;2019-05-21 09:05:50.668
new;347;False;53;95.55;2019-05-21 09:05:50.668
new;348;False;17;95.55;2019-05-21 09:05:50.669
new;349;True;62;95.05;2019-05-21 09:05:50.669
modif;282;;62;;2019-05-21 09:05:50.670
new;350;False;32;95.65;2019-05-21 09:05:50.670
cancel;296;;29;;2019-05-21 09:05:50.670
cancel;252;;250;;2019-05-21 09:05:50.670
cancel;331;;17;;2019-05-21 09:05:50.670
cancel;349;;62;;2019-05-21 09:05:50.687
new;351;True;67;95.6;2019-05-21 09:05:50.687
cancel;350;;32;;2019-05-21 09:05:50.688
new;352;False;62;96.15;2019-05-21 09:05:50.688
new;353;True;32;95.45;2019-05-21 09:05:50.688
new;354;False;67;95.6;2019-05-21 09:05:50.688
new;355;True;62;95.05;2019-05-21 09:05:50.688
cancel;352;;62;;2019-05-21 09:05:50.688
new;356;False;67;95.6;2019-05-21 09:05:50.688
cancel;356;;67;;2019-05-21 09:05:50.688
new;357;False;62;96.15;2019-05-21 09:05:50.688
cancel;357;;62;;2019-05-21 09:05:50.688
new;358;False;67;95.6;2019-05-21 09:05:50.688
cancel;332;;17;;2019-05-21 09:05:50.688
modif;278;;62;;2019-05-21 09:05:50.689
cancel;319;;250;;2019-05-21 09:05:50.689
new;359;False;32;95.65;2019-05-21 09:05:50.689
new;360;False;250;95.9;2019-05-21 09:05:50.689
cancel;353;;32;;2019-05-21 09:05:50.694
cancel;298;;63;;2019-05-21 09:05:50.701
new;361;False;29;95.65;2019-05-21 09:05:50.702
cancel;324;;63;;2019-05-21 09:05:50.706
new;362;False;63;95.85;2019-05-21 09:05:50.706
new;363;False;29;95.7;2019-05-21 09:05:50.802
cancel;335;;100;;2019-05-21 09:05:50.833
new;364;False;29;95.75;2019-05-21 09:05:50.903
new;365;False;29;95.8;2019-05-21 09:05:51.003
cancel;362;;63;;2019-05-21 09:05:51.044
cancel;358;;67;;2019-05-21 09:05:51.710
new;366;False;62;96.1;2019-05-21 09:05:51.710
cancel;361;;29;;2019-05-21 09:05:51.710
cancel;346;;250;;2019-05-21 09:05:51.710
cancel;343;;523;;2019-05-21 09:05:51.712
new;367;False;523;95.95;2019-05-21 09:05:51.712
new;368;False;32;95.7;2019-05-21 09:05:52.141
new;369;False;32;95.75;2019-05-21 09:05:52.141
cancel;291;;4;;2019-05-21 09:05:52.237
new;370;False;4;95.9;2019-05-21 09:05:52.237
new;371;True;63;95.35;2019-05-21 09:05:53.041
new;372;False;63;95.8;2019-05-21 09:05:53.041
new;373;False;100;95.65;2019-05-21 09:05:53.830
new;374;True;17;95.35;2019-05-21 09:05:53.831
new;375;False;17;95.8;2019-05-21 09:05:53.831
new;376;False;59;95.5;2019-05-21 09:05:55.203
new;377;True;62;95.0;2019-05-21 09:05:55.203
cancel;272;;29;;2019-05-21 09:05:55.203
cancel;279;;32;;2019-05-21 09:05:55.203
cancel;295;;250;;2019-05-21 09:05:55.203
new;378;True;250;95.15;2019-05-21 09:05:55.203
cancel;315;;19;;2019-05-21 09:05:55.203
new;379;True;836;94.95;2019-05-21 09:05:55.203
cancel;366;;62;;2019-05-21 09:05:55.204
new;380;False;32;95.6;2019-05-21 09:05:55.204
cancel;254;;29;;2019-05-21 09:05:55.204
new;381;True;962;94.9;2019-05-21 09:05:55.204
new;382;False;17;95.6;2019-05-21 09:05:55.204
cancel;256;;29;;2019-05-21 09:05:55.204
cancel;378;;250;;2019-05-21 09:05:55.204
new;383;True;250;95.05;2019-05-21 09:05:55.204
cancel;309;;524;;2019-05-21 09:05:55.204
new;384;True;524;95.05;2019-05-21 09:05:55.204
cancel;367;;523;;2019-05-21 09:05:55.204
new;385;False;523;95.9;2019-05-21 09:05:55.204
modif;379;;524;;2019-05-21 09:05:55.204
new;386;False;32;95.6;2019-05-21 09:05:55.207
new;387;True;32;95.25;2019-05-21 09:05:55.207
new;388;False;32;95.7;2019-05-21 09:05:55.207
cancel;328;;32;;2019-05-21 09:05:55.213
modif;339;;837;;2019-05-21 09:05:55.233
cancel;371;;63;;2019-05-21 09:05:55.240
new;389;True;63;95.3;2019-05-21 09:05:55.240
new;390;False;12;95.65;2019-05-21 09:05:55.243
cancel;261;;34;;2019-05-21 09:05:55.284
cancel;374;;17;;2019-05-21 09:05:55.284
new;391;True;866;94.85;2019-05-21 09:05:55.284
cancel;231;;29;;2019-05-21 09:05:55.284
cancel;277;;62;;2019-05-21 09:05:55.286
new;392;False;32;95.55;2019-05-21 09:05:55.286
modif;379;;250;;2019-05-21 09:05:55.286
new;393;False;17;95.55;2019-05-21 09:05:55.286
cancel;341;;17;;2019-05-21 09:05:55.286
new;394;False;29;95.6;2019-05-21 09:05:55.303
cancel;391;;866;;2019-05-21 09:05:55.315
new;395;True;17;95.35;2019-05-21 09:05:55.315
cancel;389;;63;;2019-05-21 09:05:55.315
cancel;372;;63;;2019-05-21 09:05:55.316
new;396;True;29;95.3;2019-05-21 09:05:55.403
new;397;False;29;95.65;2019-05-21 09:05:55.403
cancel;385;;523;;2019-05-21 09:05:56.625
new;398;False;523;95.85;2019-05-21 09:05:56.625
new;399;True;32;95.2;2019-05-21 09:05:56.712
new;400;False;32;95.65;2019-05-21 09:05:56.712
cancel;327;;32;;2019-05-21 09:05:56.717
cancel;337;;50;;2019-05-21 09:05:57.374
cancel;395;;17;;2019-05-21 09:05:57.980
new;401;True;866;94.85;2019-05-21 09:05:57.980
cancel;396;;29;;2019-05-21 09:05:57.981
new;402;False;17;95.7;2019-05-21 09:05:57.981
new;403;True;63;95.15;2019-05-21 09:05:58.012
new;404;False;63;95.7;2019-05-21 09:05:58.012
new;405;False;170;95.55;2019-05-21 09:05:58.127
new;406;True;32;95.15;2019-05-21 09:05:58.211
new;407;False;32;95.55;2019-05-21 09:05:59.219
new;408;True;17;95.15;2019-05-21 09:05:59.219
cancel;326;;32;;2019-05-21 09:05:59.223
new;409;True;32;95.1;2019-05-21 09:05:59.717
cancel;250;;34;;2019-05-21 09:06:02.345
new;410;True;29;94.8;2019-05-21 09:06:02.345
cancel;202;;29;;2019-05-21 09:06:02.346
cancel;383;;250;;2019-05-21 09:06:02.346
new;411;True;250;94.95;2019-05-21 09:06:02.346
cancel;238;;62;;2019-05-21 09:06:02.346
new;412;False;33;95.5;2019-05-21 09:06:02.346
new;413;True;17;95.1;2019-05-21 09:06:02.346
new;414;False;17;95.65;2019-05-21 09:06:02.346
cancel;316;;19;;2019-05-21 09:06:02.346
cancel;398;;523;;2019-05-21 09:06:02.346
new;415;False;523;95.8;2019-05-21 09:06:02.346
new;416;False;250;95.8;2019-05-21 09:06:02.348
new;417;True;32;95.05;2019-05-21 09:06:02.349
cancel;403;;63;;2019-05-21 09:06:02.378
new;418;True;63;95.1;2019-05-21 09:06:02.378
new;419;False;29;95.55;2019-05-21 09:06:02.502
cancel;390;;12;;2019-05-21 09:06:03.196
new;420;False;32;95.5;2019-05-21 09:06:03.221
new;421;False;12;95.5;2019-05-21 09:06:03.223
cancel;302;;32;;2019-05-21 09:06:03.223
new;422;True;33;94.85;2019-05-21 09:06:03.778
new;423;False;32;95.65;2019-05-21 09:06:07.231
cancel;299;;32;;2019-05-21 09:06:07.235
cancel;370;;4;;2019-05-21 09:06:07.257
new;424;False;4;95.75;2019-05-21 09:06:07.257
cancel;405;;170;;2019-05-21 09:06:07.622
new;425;False;32;95.6;2019-05-21 09:06:09.225
cancel;325;;32;;2019-05-21 09:06:09.231
cancel;387;;32;;2019-05-21 09:06:09.522
new;426;False;17;95.5;2019-05-21 09:06:09.523
new;427;True;17;95.2;2019-05-21 09:06:09.523
new;428;False;357;95.5;2019-05-21 09:06:11.748
cancel;234;;34;;2019-05-21 09:06:11.749
new;429;True;17;95.25;2019-05-21 09:06:11.749
new;430;True;64;94.9;2019-05-21 09:06:26.758
new;431;False;64;95.85;2019-05-21 09:06:26.758
cancel;101;;33;;2019-05-21 09:06:36.033
cancel;220;;29;;2019-05-21 09:06:36.033
new;432;False;33;95.45;2019-05-21 09:06:36.033
cancel;375;;17;;2019-05-21 09:06:36.035
cancel;415;;523;;2019-05-21 09:06:36.035
new;433;False;523;95.75;2019-05-21 09:06:36.035
new;434;False;32;95.55;2019-05-21 09:06:36.050
cancel;301;;32;;2019-05-21 09:06:36.055
cancel;431;;64;;2019-05-21 09:06:36.062
new;435;False;64;95.8;2019-05-21 09:06:36.062
cancel;404;;63;;2019-05-21 09:06:36.070
new;436;False;63;95.6;2019-05-21 09:06:36.070
new;437;False;29;95.5;2019-05-21 09:06:36.202
cancel;424;;4;;2019-05-21 09:06:37.295
new;438;False;4;95.7;2019-05-21 09:06:37.295
cancel;428;;357;;2019-05-21 09:06:41.208
new;439;True;5;95.15;2019-05-21 09:06:57.461
new;440;True;11;95.1;2019-05-21 09:06:57.461
new;441;True;7;95.05;2019-05-21 09:06:57.461
new;442;True;5;95.0;2019-05-21 09:06:57.461
new;443;True;5;94.85;2019-05-21 09:06:57.461
new;444;True;5;94.8;2019-05-21 09:06:57.461
cancel;430;;64;;2019-05-21 09:07:07.438
cancel;435;;64;;2019-05-21 09:07:07.438
new;445;False;32;95.45;2019-05-21 09:07:13.721
cancel;345;;32;;2019-05-21 09:07:13.726
new;446;False;22;95.5;2019-05-21 09:07:16.903
new;447;True;33;95.25;2019-05-21 09:07:37.632
cancel;432;;33;;2019-05-21 09:07:37.632
cancel;445;;32;;2019-05-21 09:07:37.634
new;448;False;62;95.95;2019-05-21 09:07:37.634
cancel;437;;29;;2019-05-21 09:07:37.634
cancel;426;;17;;2019-05-21 09:07:37.635
cancel;436;;63;;2019-05-21 09:07:37.670
new;449;False;63;95.65;2019-05-21 09:07:37.670
cancel;444;;5;;2019-05-21 09:07:37.711
cancel;410;;29;;2019-05-21 09:07:40.583
new;450;True;33;95.3;2019-05-21 09:07:40.583
cancel;412;;33;;2019-05-21 09:07:40.583
new;451;True;19;95.3;2019-05-21 09:07:40.583
cancel;420;;32;;2019-05-21 09:07:40.585
cancel;393;;17;;2019-05-21 09:07:40.585
new;452;True;29;95.25;2019-05-21 09:07:40.602
cancel;446;;22;;2019-05-21 09:07:41.880
cancel;448;;62;;2019-05-21 09:07:41.880
new;453;False;22;95.4;2019-05-21 09:07:41.880
cancel;450;;33;;2019-05-21 09:07:41.880
new;454;False;33;95.5;2019-05-21 09:07:41.880
new;455;True;22;95.4;2019-05-21 09:07:41.882
new;456;False;62;95.95;2019-05-21 09:07:41.882
new;457;False;19;95.55;2019-05-21 09:07:41.882
cancel;451;;19;;2019-05-21 09:07:41.882
new;458;True;29;94.8;2019-05-21 09:07:41.882
cancel;433;;523;;2019-05-21 09:07:41.882
new;459;False;523;95.7;2019-05-21 09:07:41.882
cancel;452;;29;;2019-05-21 09:07:41.882
cancel;449;;63;;2019-05-21 09:07:41.912
new;460;False;63;95.55;2019-05-21 09:07:41.912
cancel;460;;63;;2019-05-21 09:07:42.042
new;461;False;63;95.65;2019-05-21 09:07:44.041
new;462;False;32;95.5;2019-05-21 09:07:44.592
cancel;443;;5;;2019-05-21 09:08:00.599
cancel;458;;29;;2019-05-21 09:08:09.124
new;463;True;34;95.3;2019-05-21 09:08:09.124
new;464;True;19;95.3;2019-05-21 09:08:09.126
cancel;454;;33;;2019-05-21 09:08:09.126
cancel;457;;19;;2019-05-21 09:08:09.126
new;465;True;32;95.15;2019-05-21 09:08:09.126
cancel;462;;32;;2019-05-21 09:08:09.127
new;466;True;32;95.25;2019-05-21 09:08:09.136
new;467;True;29;95.25;2019-05-21 09:08:09.202
cancel;434;;32;;2019-05-21 09:08:09.715
new;468;True;32;95.2;2019-05-21 09:08:22.352
new;469;True;32;95.1;2019-05-21 09:08:23.860
new;470;False;34;95.5;2019-05-21 09:08:34.353
cancel;463;;34;;2019-05-21 09:08:47.949
cancel;464;;19;;2019-05-21 09:08:47.949
new;471;True;29;94.8;2019-05-21 09:08:47.949
new;472;False;17;95.55;2019-05-21 09:08:47.949
cancel;467;;29;;2019-05-21 09:08:47.949
cancel;456;;62;;2019-05-21 09:08:47.949
new;473;False;34;95.45;2019-05-21 09:08:47.949
cancel;468;;32;;2019-05-21 09:08:47.950
cancel;466;;32;;2019-05-21 09:08:47.950
new;474;False;32;95.5;2019-05-21 09:08:47.954
new;475;False;32;95.55;2019-05-21 09:08:47.954
new;476;False;29;95.5;2019-05-21 09:08:48.002
new;477;True;32;95.05;2019-05-21 09:08:53.078
new;478;True;106;95.25;2019-05-21 09:09:09.571
cancel;473;;34;;2019-05-21 09:09:10.646
new;479;False;62;95.95;2019-05-21 09:09:10.646
cancel;476;;29;;2019-05-21 09:09:10.647
cancel;472;;17;;2019-05-21 09:09:10.647
cancel;471;;29;;2019-05-21 09:09:10.647
new;480;True;31;95.3;2019-05-21 09:09:10.647
cancel;474;;32;;2019-05-21 09:09:10.649
new;481;True;32;95.2;2019-05-21 09:09:10.652
new;482;True;53;95.3;2019-05-21 09:09:10.657
cancel;482;;53;;2019-05-21 09:09:10.660
new;483;True;29;95.25;2019-05-21 09:09:10.702
cancel;478;;106;;2019-05-21 09:09:13.348
new;484;True;106;95.3;2019-05-21 09:09:13.374
cancel;401;;866;;2019-05-21 09:09:13.378
cancel;422;;33;;2019-05-21 09:09:13.378
new;485;True;53;95.35;2019-05-21 09:09:13.378
new;486;True;17;95.3;2019-05-21 09:09:13.379
new;487;True;32;95.25;2019-05-21 09:09:13.379
new;488;True;250;95.05;2019-05-21 09:09:13.381
new;489;True;29;95.3;2019-05-21 09:09:13.401
cancel;418;;63;;2019-05-21 09:09:13.415
new;490;True;63;95.2;2019-05-21 09:09:13.415
cancel;481;;32;;2019-05-21 09:09:13.756
cancel;465;;32;;2019-05-21 09:09:13.758
cancel;469;;32;;2019-05-21 09:09:13.759
cancel;477;;32;;2019-05-21 09:09:13.759
cancel;484;;106;;2019-05-21 09:09:16.350
cancel;485;;53;;2019-05-21 09:09:16.358
new;491;True;899;94.85;2019-05-21 09:09:16.358
cancel;489;;29;;2019-05-21 09:09:16.359
cancel;411;;250;;2019-05-21 09:09:16.359
new;492;False;17;95.55;2019-05-21 09:09:16.360
new;493;True;53;95.3;2019-05-21 09:09:16.362
cancel;491;;899;;2019-05-21 09:09:16.377
new;494;True;106;95.35;2019-05-21 09:09:16.377
cancel;493;;53;;2019-05-21 09:09:16.382
cancel;490;;63;;2019-05-21 09:09:16.390
new;495;True;63;95.15;2019-05-21 09:09:16.390
new;496;True;29;95.3;2019-05-21 09:09:16.401
cancel;492;;17;;2019-05-21 09:09:20.266
cancel;470;;34;;2019-05-21 09:09:31.081
new;497;True;31;95.35;2019-05-21 09:09:31.082
cancel;382;;17;;2019-05-21 09:09:31.082
cancel;475;;32;;2019-05-21 09:09:32.329
new;498;True;32;95.2;2019-05-21 09:10:01.000
new;499;True;12;95.35;2019-05-21 09:10:05.041
new;500;True;32;95.15;2019-05-21 09:10:06.145
cancel;381;;962;;2019-05-21 09:10:11.278
new;501;True;51;95.4;2019-05-21 09:10:11.278
new;502;True;16;95.35;2019-05-21 09:10:11.279
new;503;False;16;95.6;2019-05-21 09:10:11.280
cancel;384;;524;;2019-05-21 09:10:11.280
new;504;True;524;95.1;2019-05-21 09:10:11.280
cancel;407;;32;;2019-05-21 09:10:11.280
new;505;True;11;95.4;2019-05-21 09:10:11.280
cancel;495;;63;;2019-05-21 09:10:11.313
new;506;True;63;95.25;2019-05-21 09:10:11.313
new;507;True;29;95.35;2019-05-21 09:10:11.401
cancel;494;;106;;2019-05-21 09:10:13.470
new;508;True;106;95.4;2019-05-21 09:10:13.497
cancel;501;;51;;2019-05-21 09:10:15.263
cancel;498;;32;;2019-05-21 09:10:18.936
cancel;500;;32;;2019-05-21 09:10:18.937
cancel;438;;4;;2019-05-21 09:10:32.625
new;509;False;4;95.5;2019-05-21 09:10:32.625
new;510;True;5;95.35;2019-05-21 09:10:32.685
cancel;440;;11;;2019-05-21 09:10:35.026
cancel;442;;5;;2019-05-21 09:10:35.026
cancel;112;;142;;2019-05-21 09:10:38.296
new;511;True;142;95.3;2019-05-21 09:10:38.296
new;512;True;32;95.3;2019-05-21 09:10:38.351
new;513;True;32;95.25;2019-05-21 09:10:54.029
cancel;421;;12;;2019-05-21 09:10:55.242
new;514;True;32;95.2;2019-05-21 09:10:55.538
new;515;True;32;95.4;2019-05-21 09:10:56.187
cancel;503;;16;;2019-05-21 09:10:56.188
new;516;True;4;95.5;2019-05-21 09:10:58.022
modif;379;;62;;2019-05-21 09:10:58.022
new;517;False;899;96.0;2019-05-21 09:10:58.022
new;518;True;47;95.5;2019-05-21 09:10:58.022
cancel;419;;29;;2019-05-21 09:10:58.022
cancel;392;;32;;2019-05-21 09:10:58.022
new;519;False;585;96.05;2019-05-21 09:10:58.022
cancel;360;;250;;2019-05-21 09:10:58.022
new;520;True;16;95.4;2019-05-21 09:10:58.022
cancel;394;;29;;2019-05-21 09:10:58.023
cancel;416;;250;;2019-05-21 09:10:58.023
cancel;377;;62;;2019-05-21 09:10:58.023
new;521;True;32;95.45;2019-05-21 09:10:58.023
new;522;False;250;95.9;2019-05-21 09:10:58.023
cancel;504;;524;;2019-05-21 09:10:58.023
new;523;True;524;95.2;2019-05-21 09:10:58.023
cancel;459;;523;;2019-05-21 09:10:58.025
new;524;False;523;95.85;2019-05-21 09:10:58.025
cancel;413;;17;;2019-05-21 09:10:58.025
cancel;414;;17;;2019-05-21 09:10:58.025
cancel;425;;32;;2019-05-21 09:10:58.025
cancel;386;;32;;2019-05-21 09:10:58.025
new;525;True;250;95.2;2019-05-21 09:10:58.025
modif;519;;523;;2019-05-21 09:10:58.025
cancel;423;;32;;2019-05-21 09:10:58.025
cancel;408;;17;;2019-05-21 09:10:58.025
new;526;True;32;95.35;2019-05-21 09:10:58.025
new;527;True;32;95.35;2019-05-21 09:10:58.025
cancel;506;;63;;2019-05-21 09:10:58.081
new;528;True;63;95.35;2019-05-21 09:10:58.081
cancel;461;;63;;2019-05-21 09:10:58.110
new;529;False;63;95.7;2019-05-21 09:10:58.110
new;530;True;29;95.45;2019-05-21 09:10:58.202
new;531;True;29;95.4;2019-05-21 09:10:58.301
cancel;518;;47;;2019-05-21 09:10:58.306
new;532;True;62;95.0;2019-05-21 09:10:58.306
cancel;530;;29;;2019-05-21 09:10:58.306
cancel;521;;32;;2019-05-21 09:10:58.306
new;533;True;62;94.95;2019-05-21 09:10:58.306
cancel;531;;29;;2019-05-21 09:10:58.314
cancel;525;;250;;2019-05-21 09:10:58.314
cancel;533;;62;;2019-05-21 09:10:58.314
new;534;True;11;95.45;2019-05-21 09:10:58.314
new;535;True;76;95.45;2019-05-21 09:10:58.314
new;536;True;250;95.15;2019-05-21 09:10:58.314
cancel;535;;76;;2019-05-21 09:10:58.316
cancel;528;;63;;2019-05-21 09:10:58.337
cancel;529;;63;;2019-05-21 09:10:58.337
cancel;532;;62;;2019-05-21 09:10:58.337
new;537;True;47;95.55;2019-05-21 09:10:58.337
cancel;380;;32;;2019-05-21 09:10:58.339
new;538;False;312;96.1;2019-05-21 09:10:58.339
cancel;427;;17;;2019-05-21 09:10:58.339
new;539;True;32;95.45;2019-05-21 09:10:58.339
cancel;397;;29;;2019-05-21 09:10:58.339
cancel;402;;17;;2019-05-21 09:10:58.339
cancel;388;;32;;2019-05-21 09:10:58.339
cancel;400;;32;;2019-05-21 09:10:58.339
new;540;False;33;95.65;2019-05-21 09:10:58.340
cancel;488;;250;;2019-05-21 09:10:58.340
new;541;True;250;95.25;2019-05-21 09:10:58.340
cancel;508;;106;;2019-05-21 09:10:58.348
modif;517;;837;;2019-05-21 09:10:58.355
new;542;True;106;95.45;2019-05-21 09:10:58.373
cancel;355;;62;;2019-05-21 09:10:58.402
cancel;417;;32;;2019-05-21 09:10:58.402
cancel;441;;7;;2019-05-21 09:10:58.402
new;543;True;29;95.5;2019-05-21 09:10:58.402
new;544;True;5;95.35;2019-05-21 09:10:58.434
new;545;True;29;95.45;2019-05-21 09:10:58.502
new;546;True;29;95.4;2019-05-21 09:10:58.601
cancel;499;;12;;2019-05-21 09:10:58.806
cancel;523;;524;;2019-05-21 09:10:59.260
new;547;True;524;95.25;2019-05-21 09:10:59.260
cancel;368;;32;;2019-05-21 09:10:59.331
cancel;537;;47;;2019-05-21 09:11:00.019
new;548;True;938;95.05;2019-05-21 09:11:00.019
cancel;543;;29;;2019-05-21 09:11:00.020
new;549;True;62;95.0;2019-05-21 09:11:00.020
cancel;536;;250;;2019-05-21 09:11:00.020
new;550;False;16;95.8;2019-05-21 09:11:00.020
cancel;541;;250;;2019-05-21 09:11:00.021
cancel;545;;29;;2019-05-21 09:11:00.021
cancel;538;;312;;2019-05-21 09:11:00.021
new;551;False;32;95.6;2019-05-21 09:11:00.021
new;552;True;250;95.15;2019-05-21 09:11:00.021
cancel;539;;32;;2019-05-21 09:11:00.021
cancel;527;;32;;2019-05-21 09:11:00.021
new;553;True;65;95.45;2019-05-21 09:11:00.026
cancel;553;;65;;2019-05-21 09:11:00.030
new;554;False;29;95.65;2019-05-21 09:11:00.103
new;555;False;22;95.6;2019-05-21 09:11:00.566
new;556;False;63;95.8;2019-05-21 09:11:01.044
new;557;True;63;95.3;2019-05-21 09:11:01.044
new;558;False;32;95.65;2019-05-21 09:11:02.358
cancel;555;;22;;2019-05-21 09:11:03.330
new;559;False;16;95.75;2019-05-21 09:11:03.331
new;560;False;32;95.7;2019-05-21 09:11:03.363
new;561;False;32;95.7;2019-05-21 09:11:03.864
new;562;False;32;95.8;2019-05-21 09:11:05.361
cancel;549;;62;;2019-05-21 09:11:06.166
new;563;True;100;95.5;2019-05-21 09:11:06.166
new;564;True;33;95.45;2019-05-21 09:11:06.167
cancel;551;;32;;2019-05-21 09:11:06.167
new;565;False;312;96.1;2019-05-21 09:11:06.167
new;566;True;16;95.45;2019-05-21 09:11:06.167
cancel;548;;938;;2019-05-21 09:11:06.167
new;567;True;32;95.6;2019-05-21 09:11:06.167
cancel;558;;32;;2019-05-21 09:11:06.167
cancel;554;;29;;2019-05-21 09:11:06.167
cancel;359;;32;;2019-05-21 09:11:06.167
cancel;429;;17;;2019-05-21 09:11:06.167
new;568;True;33;95.5;2019-05-21 09:11:06.167
cancel;559;;16;;2019-05-21 09:11:06.167
cancel;547;;524;;2019-05-21 09:11:06.168
new;569;True;524;95.3;2019-05-21 09:11:06.168
cancel;561;;32;;2019-05-21 09:11:06.168
cancel;560;;32;;2019-05-21 09:11:06.168
cancel;540;;33;;2019-05-21 09:11:06.168
new;570;True;250;95.3;2019-05-21 09:11:06.168
new;571;True;32;95.4;2019-05-21 09:11:06.172
cancel;557;;63;;2019-05-21 09:11:06.199
new;572;True;63;95.45;2019-05-21 09:11:06.199
modif;339;;62;;2019-05-21 09:11:06.202
cancel;409;;32;;2019-05-21 09:11:06.202
new;573;True;29;95.55;2019-05-21 09:11:06.202
new;574;True;9;95.4;2019-05-21 09:11:06.262
new;575;True;29;95.5;2019-05-21 09:11:06.301
cancel;542;;106;;2019-05-21 09:11:06.349
new;576;True;106;95.5;2019-05-21 09:11:06.374
new;577;True;29;95.45;2019-05-21 09:11:06.401
cancel;544;;5;;2019-05-21 09:11:07.055
new;578;True;5;95.6;2019-05-21 09:11:07.088
cancel;563;;100;;2019-05-21 09:11:07.124
cancel;567;;32;;2019-05-21 09:11:08.002
new;579;False;16;95.75;2019-05-21 09:11:08.003
modif;568;;8;;2019-05-21 09:11:09.603
new;580;False;32;95.85;2019-05-21 09:11:10.173
new;581;True;47;95.6;2019-05-21 09:11:11.172
new;582;True;16;95.5;2019-05-21 09:11:11.174
new;583;True;100;95.65;2019-05-21 09:11:11.174
new;584;False;899;96.15;2019-05-21 09:11:11.174
cancel;363;;29;;2019-05-21 09:11:11.174
cancel;522;;250;;2019-05-21 09:11:11.174
new;585;False;250;96.0;2019-05-21 09:11:11.174
cancel;579;;16;;2019-05-21 09:11:11.174
cancel;524;;523;;2019-05-21 09:11:11.174
new;586;False;523;96.0;2019-05-21 09:11:11.174
cancel;369;;32;;2019-05-21 09:11:11.174
cancel;344;;32;;2019-05-21 09:11:11.174
cancel;556;;63;;2019-05-21 09:11:11.205
new;587;False;63;95.85;2019-05-21 09:11:11.205
cancel;581;;47;;2019-05-21 09:11:11.216
new;588;False;22;95.7;2019-05-21 09:11:11.217
new;589;True;7;95.45;2019-05-21 09:11:11.234
cancel;584;;899;;2019-05-21 09:11:12.093
new;590;False;100;95.65;2019-05-21 09:11:12.093
cancel;586;;523;;2019-05-21 09:11:12.362
new;591;False;523;95.95;2019-05-21 09:11:12.362
new;592;False;15;95.75;2019-05-21 09:11:13.568
new;593;True;15;95.55;2019-05-21 09:11:13.568
new;594;False;32;95.75;2019-05-21 09:11:15.179
new;595;True;32;95.4;2019-05-21 09:11:24.611
new;596;True;32;95.45;2019-05-21 09:11:27.927
new;597;True;100;95.65;2019-05-21 09:11:27.970
new;598;False;899;96.15;2019-05-21 09:11:27.970
cancel;342;;32;;2019-05-21 09:11:27.970
new;599;True;33;95.55;2019-05-21 09:11:27.970
cancel;592;;15;;2019-05-21 09:11:27.970
cancel;588;;22;;2019-05-21 09:11:27.971
new;600;False;186;96.2;2019-05-21 09:11:27.971
cancel;364;;29;;2019-05-21 09:11:27.971
modif;565;;250;;2019-05-21 09:11:27.971
new;601;True;10;95.6;2019-05-21 09:11:27.971
cancel;594;;32;;2019-05-21 09:11:27.971
new;602;False;33;95.75;2019-05-21 09:11:27.971
new;603;True;32;95.45;2019-05-21 09:11:27.976
new;604;False;32;95.9;2019-05-21 09:11:27.976
cancel;587;;63;;2019-05-21 09:11:28.005
new;605;False;63;95.9;2019-05-21 09:11:28.005
new;606;True;62;95.6;2019-05-21 09:11:28.020
new;607;False;32;95.95;2019-05-21 09:11:29.471
new;608;False;32;95.9;2019-05-21 09:11:32.003
new;609;False;100;95.75;2019-05-21 09:11:33.096
new;610;False;15;95.9;2019-05-21 09:11:33.096
new;611;False;32;95.95;2019-05-21 09:11:33.479
cancel;562;;32;;2019-05-21 09:11:44.758
cancel;439;;5;;2019-05-21 09:11:57.520
new;612;True;26;95.35;2019-05-21 09:11:57.520
new;613;True;32;95.5;2019-05-21 09:11:59.808
cancel;406;;32;;2019-05-21 09:11:59.813
cancel;600;;186;;2019-05-21 09:12:13.726
new;614;False;150;95.7;2019-05-21 09:12:13.726
cancel;599;;33;;2019-05-21 09:12:13.726
new;615;False;33;95.7;2019-05-21 09:12:13.726
new;616;False;15;95.85;2019-05-21 09:12:13.726
new;617;False;32;95.8;2019-05-21 09:12:15.345
new;618;False;22;95.7;2019-05-21 09:12:23.071
cancel;618;;22;;2019-05-21 09:12:24.528
new;619;True;33;95.55;2019-05-21 09:12:26.312
cancel;615;;33;;2019-05-21 09:12:28.083
new;620;False;22;95.7;2019-05-21 09:12:51.109
new;621;False;33;95.7;2019-05-21 09:12:51.111
cancel;619;;33;;2019-05-21 09:12:53.383
new;622;True;33;95.55;2019-05-21 09:12:56.032
cancel;620;;22;;2019-05-21 09:12:56.036
new;623;False;22;95.7;2019-05-21 09:12:56.135
cancel;511;;142;;2019-05-21 09:12:56.736
new;624;True;142;95.55;2019-05-21 09:12:56.736
cancel;621;;33;;2019-05-21 09:12:58.903
cancel;623;;22;;2019-05-21 09:12:59.351
new;625;False;22;95.7;2019-05-21 09:13:00.305
new;626;False;34;95.7;2019-05-21 09:13:03.043
cancel;622;;33;;2019-05-21 09:13:09.914
new;627;True;34;95.55;2019-05-21 09:13:09.958
cancel;626;;34;;2019-05-21 09:13:21.443
cancel;625;;22;;2019-05-21 09:13:21.560
new;628;False;22;95.7;2019-05-21 09:13:21.610
new;629;False;29;95.7;2019-05-21 09:13:25.842
new;630;False;34;95.7;2019-05-21 09:13:39.072
cancel;601;;10;;2019-05-21 09:13:39.072
new;631;False;16;95.75;2019-05-21 09:13:39.072
cancel;613;;32;;2019-05-21 09:13:40.809
cancel;627;;34;;2019-05-21 09:13:48.292
new;632;True;11;95.2;2019-05-21 09:13:57.455
new;633;True;68;95.25;2019-05-21 09:14:10.204
new;634;False;68;96.05;2019-05-21 09:14:10.204
new;635;True;34;95.55;2019-05-21 09:14:10.664
cancel;635;;34;;2019-05-21 09:14:17.563
new;636;True;34;95.55;2019-05-21 09:14:36.423
cancel;636;;34;;2019-05-21 09:14:49.399
new;637;True;34;95.55;2019-05-21 09:14:52.983
new;638;True;80;95.55;2019-05-21 09:15:09.465
new;639;False;80;95.75;2019-05-21 09:15:09.465
new;640;False;63;95.75;2019-05-21 09:15:09.471
cancel;630;;34;;2019-05-21 09:15:12.875
new;641;False;32;95.7;2019-05-21 09:15:12.878
new;642;False;63;95.75;2019-05-21 09:15:13.125
new;643;False;96;95.7;2019-05-21 09:15:13.130
cancel;643;;96;;2019-05-21 09:15:23.133
new;644;True;5;95.3;2019-05-21 09:15:23.767
cancel;624;;142;;2019-05-21 09:15:34.129
new;645;True;142;95.6;2019-05-21 09:15:34.129
new;646;True;18;95.6;2019-05-21 09:15:45.947
cancel;606;;62;;2019-05-21 09:15:54.661
new;647;False;96;95.7;2019-05-21 09:15:54.666
cancel;646;;18;;2019-05-21 09:15:55.244
cancel;647;;96;;2019-05-21 09:15:55.253
cancel;598;;899;;2019-05-21 09:15:55.253
new;648;False;96;95.65;2019-05-21 09:15:55.253
cancel;637;;34;;2019-05-21 09:15:55.253
new;649;False;32;95.75;2019-05-21 09:15:55.255
cancel;634;;68;;2019-05-21 09:15:55.274
new;650;False;68;96.0;2019-05-21 09:15:55.274
cancel;629;;29;;2019-05-21 09:15:55.295
cancel;605;;63;;2019-05-21 09:15:55.313
new;651;False;63;95.8;2019-05-21 09:15:55.313
new;652;False;29;95.65;2019-05-21 09:15:55.328
new;653;False;5;95.6;2019-05-21 09:15:55.337
new;654;False;142;95.6;2019-05-21 09:15:55.337
new;655;True;62;95.1;2019-05-21 09:15:55.337
modif;565;;62;;2019-05-21 09:15:55.338
new;656;False;142;95.6;2019-05-21 09:15:55.338
new;657;False;142;95.6;2019-05-21 09:15:55.338
cancel;657;;142;;2019-05-21 09:15:55.338
cancel;573;;29;;2019-05-21 09:15:55.338
cancel;638;;80;;2019-05-21 09:15:55.338
new;658;False;18;95.7;2019-05-21 09:15:55.338
new;659;False;32;95.65;2019-05-21 09:15:55.338
cancel;593;;15;;2019-05-21 09:15:55.338
new;660;True;899;95.05;2019-05-21 09:15:55.338
cancel;591;;523;;2019-05-21 09:15:55.338
new;661;False;523;95.9;2019-05-21 09:15:55.338
cancel;603;;32;;2019-05-21 09:15:55.338
cancel;596;;32;;2019-05-21 09:15:55.339
cancel;575;;29;;2019-05-21 09:15:55.339
cancel;595;;32;;2019-05-21 09:15:55.339
new;662;False;250;95.9;2019-05-21 09:15:55.339
cancel;648;;96;;2019-05-21 09:15:55.344
new;663;True;32;95.35;2019-05-21 09:15:55.350
new;664;False;32;95.75;2019-05-21 09:15:55.350
new;665;True;142;95.6;2019-05-21 09:15:55.357
new;666;False;62;96.1;2019-05-21 09:15:55.357
cancel;585;;250;;2019-05-21 09:15:55.357
cancel;666;;62;;2019-05-21 09:15:55.357
new;667;False;150;95.6;2019-05-21 09:15:55.357
cancel;667;;150;;2019-05-21 09:15:55.357
new;668;False;62;96.1;2019-05-21 09:15:55.357
cancel;660;;899;;2019-05-21 09:15:55.358
new;669;True;150;95.6;2019-05-21 09:15:55.358
cancel;659;;32;;2019-05-21 09:15:55.358
new;670;True;29;95.65;2019-05-21 09:15:55.358
cancel;655;;62;;2019-05-21 09:15:55.358
new;671;False;899;96.15;2019-05-21 09:15:55.358
new;672;True;32;95.65;2019-05-21 09:15:55.358
new;673;False;32;95.65;2019-05-21 09:15:55.358
new;674;False;109;95.6;2019-05-21 09:15:55.359
new;675;True;62;95.1;2019-05-21 09:15:55.359
cancel;486;;17;;2019-05-21 09:15:55.359
cancel;662;;250;;2019-05-21 09:15:55.359
new;676;False;250;96.0;2019-05-21 09:15:55.359
cancel;671;;899;;2019-05-21 09:15:55.359
new;677;False;25;95.65;2019-05-21 09:15:55.359
new;678;False;25;95.65;2019-05-21 09:15:55.359
new;679;False;32;95.65;2019-05-21 09:15:55.360
new;680;False;11;95.65;2019-05-21 09:15:55.360
cancel;572;;63;;2019-05-21 09:15:55.369
cancel;669;;41;;2019-05-21 09:15:55.369
new;681;True;899;95.05;2019-05-21 09:15:55.369
cancel;651;;63;;2019-05-21 09:15:55.391
cancel;570;;250;;2019-05-21 09:15:55.391
modif;576;;33;;2019-05-21 09:15:55.391
cancel;668;;62;;2019-05-21 09:15:55.392
new;682;False;80;95.6;2019-05-21 09:15:55.392
new;683;False;80;95.6;2019-05-21 09:15:55.392
new;684;False;80;95.65;2019-05-21 09:15:55.392
new;685;False;32;95.6;2019-05-21 09:15:55.392
new;686;False;250;95.9;2019-05-21 09:15:55.393
cancel;582;;16;;2019-05-21 09:15:55.395
new;687;False;36;95.6;2019-05-21 09:15:55.397
cancel;642;;63;;2019-05-21 09:15:55.399
cancel;640;;63;;2019-05-21 09:15:55.400
new;688;False;63;95.65;2019-05-21 09:15:55.400
new;689;False;29;95.65;2019-05-21 09:15:55.403
cancel;683;;80;;2019-05-21 09:15:55.414
cancel;682;;80;;2019-05-21 09:15:55.414
cancel;685;;32;;2019-05-21 09:15:55.414
new;690;True;36;95.6;2019-05-21 09:15:55.419
new;691;False;62;96.1;2019-05-21 09:15:55.419
cancel;689;;29;;2019-05-21 09:15:55.419
cancel;676;;250;;2019-05-21 09:15:55.419
new;692;False;96;95.65;2019-05-21 09:15:55.443
cancel;609;;100;;2019-05-21 09:15:55.480
new;693;False;29;95.7;2019-05-21 09:15:55.502
cancel;692;;96;;2019-05-21 09:15:55.506
new;694;False;29;95.75;2019-05-21 09:15:55.602
new;695;False;96;95.65;2019-05-21 09:15:55.607
cancel;684;;80;;2019-05-21 09:15:55.735
cancel;695;;96;;2019-05-21 09:15:55.753
cancel;602;;33;;2019-05-21 09:15:55.783
new;696;True;80;95.45;2019-05-21 09:15:56.020
new;697;False;32;95.7;2019-05-21 09:15:56.760
new;698;False;100;95.65;2019-05-21 09:15:57.139
new;699;True;18;95.5;2019-05-21 09:15:57.141
new;700;False;63;95.8;2019-05-21 09:15:58.041
new;701;True;63;95.35;2019-05-21 09:15:58.041
cancel;678;;25;;2019-05-21 09:15:58.417
cancel;677;;25;;2019-05-21 09:15:58.449
new;702;True;32;95.4;2019-05-21 09:15:59.361
new;703;True;32;95.3;2019-05-21 09:16:00.856
new;704;True;32;95.5;2019-05-21 09:16:01.391
new;705;False;97;95.75;2019-05-21 09:16:03.086
new;706;False;12;95.65;2019-05-21 09:16:03.087
new;707;False;4;95.7;2019-05-21 09:16:03.087
cancel;704;;32;;2019-05-21 09:16:15.769
new;708;True;32;95.5;2019-05-21 09:16:19.795
new;709;True;31;95.5;2019-05-21 09:16:19.800
cancel;505;;11;;2019-05-21 09:16:19.906
cancel;709;;31;;2019-05-21 09:16:20.509
cancel;708;;32;;2019-05-21 09:16:20.986
cancel;681;;899;;2019-05-21 09:16:25.049
new;710;True;40;95.55;2019-05-21 09:16:25.049
new;711;True;32;95.5;2019-05-21 09:16:25.049
cancel;697;;32;;2019-05-21 09:16:25.050
new;712;True;250;95.25;2019-05-21 09:16:25.063
new;713;True;32;95.65;2019-05-21 09:16:25.078
new;714;True;11;95.65;2019-05-21 09:16:25.078
new;715;True;63;95.65;2019-05-21 09:16:25.078
new;716;True;100;95.65;2019-05-21 09:16:25.080
new;717;True;12;95.65;2019-05-21 09:16:25.080
new;718;False;899;96.15;2019-05-21 09:16:25.080
cancel;686;;250;;2019-05-21 09:16:25.080
new;719;False;250;96.0;2019-05-21 09:16:25.080
cancel;675;;62;;2019-05-21 09:16:25.080
new;720;True;218;95.65;2019-05-21 09:16:25.080
new;721;True;18;95.55;2019-05-21 09:16:25.080
new;722;True;32;95.55;2019-05-21 09:16:25.080
cancel;71;;42;;2019-05-21 09:16:25.080
cancel;87;;33;;2019-05-21 09:16:25.080
cancel;206;;29;;2019-05-21 09:16:25.080
cancel;287;;200;;2019-05-21 09:16:25.080
cancel;552;;250;;2019-05-21 09:16:25.080
new;723;True;60;95.6;2019-05-21 09:16:25.080
cancel;693;;29;;2019-05-21 09:16:25.080
cancel;658;;18;;2019-05-21 09:16:25.080
cancel;641;;32;;2019-05-21 09:16:25.080
new;724;True;80;95.55;2019-05-21 09:16:25.080
cancel;569;;524;;2019-05-21 09:16:25.080
new;725;True;524;95.35;2019-05-21 09:16:25.080
cancel;664;;32;;2019-05-21 09:16:25.081
cancel;649;;32;;2019-05-21 09:16:25.081
new;726;True;250;95.35;2019-05-21 09:16:25.081
cancel;639;;80;;2019-05-21 09:16:25.081
new;727;True;150;95.7;2019-05-21 09:16:25.081
new;728;True;22;95.7;2019-05-21 09:16:25.081
new;729;True;4;95.7;2019-05-21 09:16:25.081
new;730;False;436;96.2;2019-05-21 09:16:25.081
cancel;204;;29;;2019-05-21 09:16:25.083
cancel;223;;33;;2019-05-21 09:16:25.083
cancel;399;;32;;2019-05-21 09:16:25.083
cancel;514;;32;;2019-05-21 09:16:25.083
cancel;632;;11;;2019-05-21 09:16:25.083
new;731;True;26;95.7;2019-05-21 09:16:25.083
cancel;731;;26;;2019-05-21 09:16:25.083
new;732;True;137;95.2;2019-05-21 09:16:25.083
new;733;True;32;95.6;2019-05-21 09:16:25.083
cancel;694;;29;;2019-05-21 09:16:25.083
cancel;631;;16;;2019-05-21 09:16:25.083
cancel;502;;16;;2019-05-21 09:16:25.083
cancel;661;;523;;2019-05-21 09:16:25.083
new;734;False;523;96.05;2019-05-21 09:16:25.083
cancel;617;;32;;2019-05-21 09:16:25.083
cancel;336;;32;;2019-05-21 09:16:25.083
new;735;False;50;95.75;2019-05-21 09:16:25.083
new;736;True;32;95.5;2019-05-21 09:16:25.084
new;737;True;32;95.5;2019-05-21 09:16:25.084
new;738;True;72;95.55;2019-05-21 09:16:25.091
cancel;633;;68;;2019-05-21 09:16:25.100
new;739;True;68;95.3;2019-05-21 09:16:25.100
new;740;True;29;95.6;2019-05-21 09:16:25.103
cancel;701;;63;;2019-05-21 09:16:25.110
cancel;700;;63;;2019-05-21 09:16:25.132
new;741;False;63;95.85;2019-05-21 09:16:25.132
modif;732;;11;;2019-05-21 09:16:25.197
new;742;True;17;95.5;2019-05-21 09:16:25.197
new;743;True;29;95.55;2019-05-21 09:16:25.203
new;744;True;29;95.5;2019-05-21 09:16:25.302
cancel;330;;32;;2019-05-21 09:16:25.304
cancel;735;;50;;2019-05-21 09:16:25.306
cancel;720;;218;;2019-05-21 09:16:25.578
new;745;True;304;95.15;2019-05-21 09:16:25.578
cancel;740;;29;;2019-05-21 09:16:25.578
cancel;741;;63;;2019-05-21 09:16:25.623
new;746;False;80;95.85;2019-05-21 09:16:25.623
new;747;False;32;95.75;2019-05-21 09:16:26.079
cancel;737;;32;;2019-05-21 09:16:26.100
new;748;True;32;95.45;2019-05-21 09:16:26.592
cancel;738;;72;;2019-05-21 09:16:27.499
cancel;745;;304;;2019-05-21 09:16:27.534
new;749;True;72;95.65;2019-05-21 09:16:27.534
new;750;True;60;95.65;2019-05-21 09:16:27.535
new;751;True;18;95.6;2019-05-21 09:16:27.535
cancel;750;;60;;2019-05-21 09:16:27.555
new;752;True;63;95.45;2019-05-21 09:16:27.565
new;753;False;63;95.9;2019-05-21 09:16:27.565
new;754;True;29;95.6;2019-05-21 09:16:27.602
new;755;True;63;95.65;2019-05-21 09:16:27.647
new;756;False;100;95.75;2019-05-21 09:16:28.128
cancel;702;;32;;2019-05-21 09:16:28.777
cancel;663;;32;;2019-05-21 09:16:28.778
cancel;703;;32;;2019-05-21 09:16:28.780
cancel;513;;32;;2019-05-21 09:16:28.780
modif;732;;32;;2019-05-21 09:16:28.780
cancel;747;;32;;2019-05-21 09:16:35.416
new;757;False;32;95.75;2019-05-21 09:16:35.569
new;758;False;50;95.75;2019-05-21 09:16:35.571
cancel;757;;32;;2019-05-21 09:16:49.427
cancel;749;;72;;2019-05-21 09:16:49.532
cancel;755;;63;;2019-05-21 09:16:51.037
new;759;True;304;95.15;2019-05-21 09:16:51.037
cancel;754;;29;;2019-05-21 09:16:51.037
cancel;758;;50;;2019-05-21 09:16:51.038
new;760;False;32;95.8;2019-05-21 09:16:51.042
new;761;False;32;95.75;2019-05-21 09:16:52.310
new;762;False;50;95.75;2019-05-21 09:16:52.311
cancel;762;;50;;2019-05-21 09:16:52.627
cancel;761;;32;;2019-05-21 09:16:52.627
new;763;False;32;95.75;2019-05-21 09:16:53.660
new;764;True;32;95.45;2019-05-21 09:16:55.811
new;765;True;32;95.4;2019-05-21 09:16:57.320
cancel;644;;5;;2019-05-21 09:16:57.446
new;766;True;63;95.6;2019-05-21 09:16:58.555
cancel;759;;304;;2019-05-21 09:17:08.841
new;767;True;200;95.65;2019-05-21 09:17:08.841
cancel;763;;32;;2019-05-21 09:17:08.841
new;768;True;60;95.65;2019-05-21 09:17:08.841
new;769;True;21;95.65;2019-05-21 09:17:08.841
cancel;768;;60;;2019-05-21 09:17:08.861
new;770;True;80;95.65;2019-05-21 09:17:08.861
new;771;True;29;95.6;2019-05-21 09:17:08.902
cancel;766;;63;;2019-05-21 09:17:08.907
cancel;770;;80;;2019-05-21 09:17:08.911
new;772;True;63;95.65;2019-05-21 09:17:08.927
cancel;760;;32;;2019-05-21 09:17:09.267
new;773;False;33;95.75;2019-05-21 09:17:14.041
new;774;False;50;95.75;2019-05-21 09:17:14.042
cancel;773;;33;;2019-05-21 09:17:14.055
cancel;764;;32;;2019-05-21 09:17:14.156
cancel;765;;32;;2019-05-21 09:17:14.158
cancel;774;;50;;2019-05-21 09:17:21.603
cancel;772;;63;;2019-05-21 09:17:23.873
cancel;769;;21;;2019-05-21 09:17:23.880
new;775;False;50;95.75;2019-05-21 09:17:32.961
new;776;False;33;95.75;2019-05-21 09:17:40.698
cancel;776;;33;;2019-05-21 09:17:45.264
cancel;775;;50;;2019-05-21 09:17:45.266
new;777;True;32;95.5;2019-05-21 09:17:45.401
new;778;False;50;95.75;2019-05-21 09:17:46.480
new;779;True;32;95.45;2019-05-21 09:17:47.586
cancel;778;;50;;2019-05-21 09:17:47.587
new;780;False;50;95.75;2019-05-21 09:17:48.893
new;781;True;142;95.45;2019-05-21 09:18:07.027
cancel;780;;50;;2019-05-21 09:18:07.234
new;782;False;50;95.75;2019-05-21 09:18:28.240
cancel;782;;50;;2019-05-21 09:18:29.949
new;783;False;50;95.75;2019-05-21 09:18:40.853
new;784;False;33;95.75;2019-05-21 09:18:41.699
new;785;False;32;95.8;2019-05-21 09:18:41.702
cancel;784;;33;;2019-05-21 09:18:56.563
cancel;785;;32;;2019-05-21 09:18:56.565
cancel;783;;50;;2019-05-21 09:18:56.565
new;786;False;50;95.75;2019-05-21 09:18:58.845
cancel;786;;50;;2019-05-21 09:18:58.945
new;787;False;50;95.75;2019-05-21 09:19:00.252
new;788;False;67;95.75;2019-05-21 09:19:03.031
new;789;False;34;95.75;2019-05-21 09:19:03.031
new;790;False;24;95.75;2019-05-21 09:19:03.031
new;791;False;32;95.8;2019-05-21 09:19:07.309
cancel;788;;67;;2019-05-21 09:19:32.270
cancel;789;;34;;2019-05-21 09:19:32.271
new;792;True;32;95.55;2019-05-21 09:19:48.420
cancel;790;;24;;2019-05-21 09:20:01.246
new;793;True;31;95.65;2019-05-21 09:20:07.700
cancel;787;;50;;2019-05-21 09:20:07.702
new;794;True;97;95.75;2019-05-21 09:20:09.690
new;795;True;64;95.75;2019-05-21 09:20:09.690
cancel;110;;33;;2019-05-21 09:20:09.691
new;796;True;36;95.75;2019-05-21 09:20:09.693
modif;732;;94;;2019-05-21 09:20:09.693
new;797;False;552;96.25;2019-05-21 09:20:09.693
new;798;True;63;95.75;2019-05-21 09:20:09.693
cancel;798;;63;;2019-05-21 09:20:09.693
new;799;True;94;95.2;2019-05-21 09:20:09.693
cancel;799;;94;;2019-05-21 09:20:09.693
new;800;True;160;95.7;2019-05-21 09:20:09.693
cancel;365;;29;;2019-05-21 09:20:09.693
new;801;False;250;96.1;2019-05-21 09:20:09.693
cancel;719;;250;;2019-05-21 09:20:09.693
new;802;True;70;95.7;2019-05-21 09:20:09.693
new;803;True;80;95.65;2019-05-21 09:20:09.693
cancel;447;;33;;2019-05-21 09:20:09.693
cancel;483;;29;;2019-05-21 09:20:09.693
cancel;487;;32;;2019-05-21 09:20:09.693
cancel;712;;250;;2019-05-21 09:20:09.693
new;804;True;136;95.75;2019-05-21 09:20:09.693
cancel;725;;524;;2019-05-21 09:20:09.693
new;805;True;524;95.4;2019-05-21 09:20:09.693
modif;797;;523;;2019-05-21 09:20:09.693
cancel;791;;32;;2019-05-21 09:20:09.693
cancel;580;;32;;2019-05-21 09:20:09.693
new;806;True;31;95.65;2019-05-21 09:20:09.693
cancel;297;;32;;2019-05-21 09:20:09.693
new;807;True;32;95.6;2019-05-21 09:20:09.694
new;808;True;250;95.45;2019-05-21 09:20:09.694
new;809;True;32;95.6;2019-05-21 09:20:09.694
modif;718;;837;;2019-05-21 09:20:09.698
cancel;520;;16;;2019-05-21 09:20:09.705
new;810;True;31;95.7;2019-05-21 09:20:09.711
cancel;746;;80;;2019-05-21 09:20:09.712
cancel;739;;68;;2019-05-21 09:20:09.714
new;811;True;68;95.35;2019-05-21 09:20:09.714
cancel;650;;68;;2019-05-21 09:20:09.714
new;812;False;68;96.15;2019-05-21 09:20:09.714
modif;730;;250;;2019-05-21 09:20:09.718
new;813;True;16;95.8;2019-05-21 09:20:09.718
new;814;False;29;96.3;2019-05-21 09:20:09.718
cancel;215;;29;;2019-05-21 09:20:09.718
cancel;108;;33;;2019-05-21 09:20:09.718
cancel;480;;31;;2019-05-21 09:20:09.718
cancel;496;;29;;2019-05-21 09:20:09.718
cancel;512;;32;;2019-05-21 09:20:09.718
new;815;True;150;95.8;2019-05-21 09:20:09.718
cancel;608;;32;;2019-05-21 09:20:09.718
cancel;566;;16;;2019-05-21 09:20:09.718
new;816;True;31;95.75;2019-05-21 09:20:09.718
cancel;604;;32;;2019-05-21 09:20:09.719
new;817;True;16;95.8;2019-05-21 09:20:09.726
cancel;752;;63;;2019-05-21 09:20:09.750
new;818;True;63;95.6;2019-05-21 09:20:09.750
cancel;574;;9;;2019-05-21 09:20:09.764
cancel;510;;5;;2019-05-21 09:20:09.764
cancel;612;;26;;2019-05-21 09:20:09.764
new;819;True;5;95.65;2019-05-21 09:20:09.766
cancel;753;;63;;2019-05-21 09:20:09.766
new;820;False;63;95.95;2019-05-21 09:20:09.766
new;821;False;31;96.25;2019-05-21 09:20:09.778
new;822;True;63;95.65;2019-05-21 09:20:09.799
new;823;True;29;95.75;2019-05-21 09:20:09.803
cancel;822;;63;;2019-05-21 09:20:09.882
new;824;True;29;95.7;2019-05-21 09:20:09.903
new;825;True;29;95.65;2019-05-21 09:20:10.002
new;826;True;27;95.65;2019-05-21 09:20:10.002
cancel;616;;15;;2019-05-21 09:20:10.002
new;827;False;866;96.35;2019-05-21 09:20:10.002
cancel;217;;29;;2019-05-21 09:20:10.018
cancel;801;;250;;2019-05-21 09:20:10.019
cancel;610;;15;;2019-05-21 09:20:10.020
new;828;False;250;96.2;2019-05-21 09:20:10.020
cancel;734;;523;;2019-05-21 09:20:10.020
new;829;False;523;96.2;2019-05-21 09:20:10.020
new;830;False;50;95.9;2019-05-21 09:20:10.020
cancel;820;;63;;2019-05-21 09:20:10.032
cancel;534;;11;;2019-05-21 09:20:10.101
new;831;True;80;95.75;2019-05-21 09:20:10.244
new;832;False;80;95.95;2019-05-21 09:20:10.244
cancel;817;;16;;2019-05-21 09:20:10.264
cancel;815;;150;;2019-05-21 09:20:10.264
new;833;True;929;95.3;2019-05-21 09:20:10.264
cancel;823;;29;;2019-05-21 09:20:10.264
cancel;833;;929;;2019-05-21 09:20:10.287
new;834;True;16;95.8;2019-05-21 09:20:10.287
new;835;True;80;95.8;2019-05-21 09:20:10.288
new;836;True;29;95.75;2019-05-21 09:20:10.302
cancel;835;;80;;2019-05-21 09:20:10.303
cancel;611;;32;;2019-05-21 09:20:10.401
cancel;834;;16;;2019-05-21 09:20:10.694
new;837;True;929;95.3;2019-05-21 09:20:10.694
cancel;836;;29;;2019-05-21 09:20:10.694
cancel;811;;68;;2019-05-21 09:20:10.715
new;838;True;68;95.45;2019-05-21 09:20:10.715
new;839;False;31;96.3;2019-05-21 09:20:10.779
new;840;False;100;95.9;2019-05-21 09:20:11.226
cancel;816;;31;;2019-05-21 09:20:11.226
cancel;805;;524;;2019-05-21 09:20:11.226
new;841;True;524;95.45;2019-05-21 09:20:11.226
cancel;827;;866;;2019-05-21 09:20:12.029
new;842;False;67;95.85;2019-05-21 09:20:12.029
new;843;True;26;95.7;2019-05-21 09:20:12.031
new;844;False;26;96.0;2019-05-21 09:20:12.031
cancel;829;;523;;2019-05-21 09:20:12.031
new;845;False;523;96.15;2019-05-21 09:20:12.031
new;846;False;63;96.05;2019-05-21 09:20:12.044
cancel;831;;80;;2019-05-21 09:20:12.052
new;847;False;24;95.85;2019-05-21 09:20:12.061
new;848;False;31;95.85;2019-05-21 09:20:12.061
cancel;810;;31;;2019-05-21 09:20:12.080
new;849;False;29;95.9;2019-05-21 09:20:12.103
cancel;804;;136;;2019-05-21 09:20:12.784
new;850;True;94;95.25;2019-05-21 09:20:12.784
cancel;824;;29;;2019-05-21 09:20:12.786
cancel;843;;26;;2019-05-21 09:20:12.786
cancel;726;;250;;2019-05-21 09:20:12.786
new;851;False;53;95.85;2019-05-21 09:20:12.790
cancel;818;;63;;2019-05-21 09:20:12.816
new;852;True;32;95.55;2019-05-21 09:20:13.704
modif;850;;32;;2019-05-21 09:20:13.710
new;853;False;32;95.9;2019-05-21 09:20:13.723
new;854;False;32;95.95;2019-05-21 09:20:14.447
new;855;True;63;95.55;2019-05-21 09:20:15.053
new;856;False;32;96.0;2019-05-21 09:20:15.221
new;857;False;32;96.0;2019-05-21 09:20:15.924
new;858;False;32;96.05;2019-05-21 09:20:16.728
new;859;False;32;96.05;2019-05-21 09:20:17.433
cancel;802;;70;;2019-05-21 09:20:19.124
cancel;800;;160;;2019-05-21 09:20:19.126
new;860;True;62;95.2;2019-05-21 09:20:19.126
new;861;False;27;95.95;2019-05-21 09:20:19.126
cancel;860;;62;;2019-05-21 09:20:19.126
new;862;True;27;95.7;2019-05-21 09:20:19.126
cancel;825;;29;;2019-05-21 09:20:19.126
cancel;809;;32;;2019-05-21 09:20:19.126
new;863;False;80;95.85;2019-05-21 09:20:19.128
cancel;855;;63;;2019-05-21 09:20:19.158
new;864;True;63;95.5;2019-05-21 09:20:19.158
cancel;851;;53;;2019-05-21 09:20:19.161
cancel;814;;29;;2019-05-21 09:20:19.161
cancel;839;;31;;2019-05-21 09:20:19.161
new;865;False;53;95.8;2019-05-21 09:20:19.161
cancel;845;;523;;2019-05-21 09:20:19.162
new;866;False;523;96.1;2019-05-21 09:20:19.162
new;867;False;250;96.1;2019-05-21 09:20:19.172
cancel;846;;63;;2019-05-21 09:20:19.192
new;868;False;10;95.8;2019-05-21 09:20:19.198
new;869;True;29;95.65;2019-05-21 09:20:19.203
new;870;False;29;95.85;2019-05-21 09:20:19.203
new;871;False;32;95.9;2019-05-21 09:20:19.425
cancel;862;;27;;2019-05-21 09:20:19.585
new;872;True;62;95.2;2019-05-21 09:20:19.585
cancel;869;;29;;2019-05-21 09:20:19.585
cancel;808;;250;;2019-05-21 09:20:19.585
new;873;True;250;95.35;2019-05-21 09:20:19.585
new;874;False;32;95.85;2019-05-21 09:20:19.588
modif;837;;837;;2019-05-21 09:20:19.599
cancel;838;;68;;2019-05-21 09:20:19.606
new;875;True;68;95.3;2019-05-21 09:20:19.606
cancel;830;;50;;2019-05-21 09:20:19.649
new;876;False;63;95.95;2019-05-21 09:20:22.042
new;877;False;31;95.8;2019-05-21 09:20:28.797
new;878;False;26;95.9;2019-05-21 09:20:28.798
cancel;806;;31;;2019-05-21 09:20:28.799
cancel;793;;31;;2019-05-21 09:20:28.802
cancel;803;;80;;2019-05-21 09:20:28.802
cancel;807;;32;;2019-05-21 09:20:29.408
cancel;826;;27;;2019-05-21 09:20:39.420
new;879;False;27;95.85;2019-05-21 09:20:39.420
cancel;842;;67;;2019-05-21 09:20:41.270
new;880;False;27;95.8;2019-05-21 09:20:50.787
cancel;710;;40;;2019-05-21 09:20:52.022
new;881;True;15;95.45;2019-05-21 09:20:57.456
modif;797;;29;;2019-05-21 09:21:50.874
cancel;821;;31;;2019-05-21 09:21:50.874
new;882;False;32;95.75;2019-05-21 09:21:50.874
cancel;733;;32;;2019-05-21 09:21:50.875
new;883;False;80;95.75;2019-05-21 09:21:50.875
new;884;False;28;95.75;2019-05-21 09:21:50.877
cancel;866;;523;;2019-05-21 09:21:50.882
new;885;False;523;96.05;2019-05-21 09:21:50.882
cancel;852;;32;;2019-05-21 09:21:50.883
new;886;False;38;95.75;2019-05-21 09:21:50.891
cancel;812;;68;;2019-05-21 09:21:50.904
new;887;False;68;96.1;2019-05-21 09:21:50.904
new;888;False;80;95.75;2019-05-21 09:21:50.908
new;889;False;32;95.85;2019-05-21 09:21:50.908
cancel;865;;53;;2019-05-21 09:21:50.909
new;890;False;96;95.75;2019-05-21 09:21:50.909
new;891;False;100;95.75;2019-05-21 09:21:50.923
new;892;False;29;95.8;2019-05-21 09:21:51.005
cancel;847;;24;;2019-05-21 09:21:51.111
cancel;792;;32;;2019-05-21 09:21:52.412
new;893;True;8;95.55;2019-05-21 09:21:57.461
cancel;888;;80;;2019-05-21 09:21:57.463
new;894;True;32;95.6;2019-05-21 09:22:00.809
cancel;890;;96;;2019-05-21 09:22:20.816
cancel;882;;32;;2019-05-21 09:22:20.816
cancel;883;;80;;2019-05-21 09:22:20.816
cancel;884;;28;;2019-05-21 09:22:20.817
new;895;True;32;95.55;2019-05-21 09:22:34.394
new;896;False;10;95.75;2019-05-21 09:22:44.144
new;897;True;32;95.55;2019-05-21 09:22:47.147
new;898;True;33;95.65;2019-05-21 09:22:50.464
new;899;True;80;95.65;2019-05-21 09:22:50.465
cancel;896;;10;;2019-05-21 09:22:50.465
new;900;True;28;95.65;2019-05-21 09:22:50.467
cancel;875;;68;;2019-05-21 09:22:50.469
new;901;True;68;95.35;2019-05-21 09:22:50.469
cancel;891;;100;;2019-05-21 09:22:50.499
cancel;899;;80;;2019-05-21 09:22:50.522
cancel;877;;31;;2019-05-21 09:22:50.522
new;902;True;38;95.75;2019-05-21 09:22:50.524
new;903;False;60;96.25;2019-05-21 09:22:50.524
cancel;872;;62;;2019-05-21 09:22:50.524
new;904;True;150;95.7;2019-05-21 09:22:50.524
cancel;892;;29;;2019-05-21 09:22:50.524
new;905;True;60;95.7;2019-05-21 09:22:50.524
cancel;880;;27;;2019-05-21 09:22:50.524
cancel;889;;32;;2019-05-21 09:22:50.524
cancel;874;;32;;2019-05-21 09:22:50.524
new;906;False;10;95.8;2019-05-21 09:22:50.524
new;907;True;32;95.6;2019-05-21 09:22:50.528
cancel;906;;10;;2019-05-21 09:22:50.571
new;908;True;29;95.65;2019-05-21 09:22:50.602
cancel;840;;100;;2019-05-21 09:22:50.645
new;909;False;100;95.8;2019-05-21 09:22:54.186
cancel;905;;60;;2019-05-21 09:22:54.186
new;910;True;80;95.65;2019-05-21 09:22:54.186
cancel;904;;150;;2019-05-21 09:22:54.186
new;911;True;62;95.2;2019-05-21 09:22:54.186
cancel;908;;29;;2019-05-21 09:22:54.188
new;912;False;33;95.8;2019-05-21 09:22:54.188
new;913;False;29;95.8;2019-05-21 09:22:54.188
cancel;907;;32;;2019-05-21 09:22:54.188
new;914;False;32;95.85;2019-05-21 09:22:54.520
new;915;False;99;95.8;2019-05-21 09:23:04.525
cancel;910;;80;;2019-05-21 09:23:04.525
cancel;898;;33;;2019-05-21 09:23:04.557
new;916;False;10;95.8;2019-05-21 09:23:04.558
cancel;900;;28;;2019-05-21 09:23:04.598
cancel;915;;99;;2019-05-21 09:23:04.602
cancel;903;;60;;2019-05-21 09:23:04.602
new;917;False;99;95.75;2019-05-21 09:23:04.602
new;918;False;24;95.75;2019-05-21 09:23:04.603
new;919;False;33;95.75;2019-05-21 09:23:04.622
new;920;False;29;95.75;2019-05-21 09:23:04.625
new;921;False;10;95.75;2019-05-21 09:23:04.627
new;922;False;29;95.8;2019-05-21 09:23:04.702
new;923;False;32;95.85;2019-05-21 09:23:05.445
cancel;919;;33;;2019-05-21 09:23:08.266
cancel;920;;29;;2019-05-21 09:23:08.268
new;924;False;33;95.75;2019-05-21 09:23:09.919
cancel;924;;33;;2019-05-21 09:23:51.125
cancel;917;;99;;2019-05-21 09:23:51.136
new;925;True;33;95.65;2019-05-21 09:23:51.165
cancel;921;;10;;2019-05-21 09:23:51.166
new;926;True;29;95.65;2019-05-21 09:23:51.171
cancel;918;;24;;2019-05-21 09:23:51.172
new;927;False;60;96.25;2019-05-21 09:23:51.172
cancel;922;;29;;2019-05-21 09:23:51.172
cancel;913;;29;;2019-05-21 09:23:51.172
cancel;916;;10;;2019-05-21 09:23:51.173
cancel;912;;33;;2019-05-21 09:23:51.173
new;928;True;32;95.6;2019-05-21 09:23:51.174
new;929;False;33;95.8;2019-05-21 09:23:54.654
new;930;False;99;95.8;2019-05-21 09:23:54.659
new;931;False;10;95.8;2019-05-21 09:23:54.659
cancel;781;;142;;2019-05-21 09:23:56.305
new;932;True;142;95.55;2019-05-21 09:23:56.305
modif;568;;25;;2019-05-21 09:24:24.735
modif;576;;73;;2019-05-21 09:24:24.735
new;933;True;105;95.65;2019-05-21 09:24:25.001
cancel;931;;10;;2019-05-21 09:24:25.002
cancel;930;;99;;2019-05-21 09:24:25.007
cancel;929;;33;;2019-05-21 09:24:25.566
new;934;False;34;95.8;2019-05-21 09:24:26.231
cancel;928;;32;;2019-05-21 09:24:26.432
new;935;False;92;95.8;2019-05-21 09:24:26.447
new;936;False;10;95.8;2019-05-21 09:24:35.609
cancel;923;;32;;2019-05-21 09:24:37.130
cancel;936;;10;;2019-05-21 09:24:37.166
cancel;935;;92;;2019-05-21 09:24:37.172
new;937;False;10;95.8;2019-05-21 09:24:39.526
cancel;937;;10;;2019-05-21 09:24:42.188
new;938;True;80;95.65;2019-05-21 09:24:42.218
cancel;934;;34;;2019-05-21 09:24:53.270
new;939;False;34;95.8;2019-05-21 09:24:58.113
new;940;True;32;95.6;2019-05-21 09:25:05.459
new;941;False;10;95.8;2019-05-21 09:25:34.253
cancel;933;;105;;2019-05-21 09:25:39.793
cancel;925;;33;;2019-05-21 09:25:39.795
new;942;False;32;95.8;2019-05-21 09:25:39.795
new;943;True;34;95.65;2019-05-21 09:25:39.819
new;944;False;88;95.8;2019-05-21 09:25:39.846
cancel;944;;88;;2019-05-21 09:25:39.848
cancel;942;;32;;2019-05-21 09:25:40.894
cancel;939;;34;;2019-05-21 09:25:51.703
new;945;False;88;95.8;2019-05-21 09:25:51.709
new;946;False;34;95.8;2019-05-21 09:25:51.709
cancel;940;;32;;2019-05-21 09:26:14.490
new;947;False;32;95.85;2019-05-21 09:26:14.992
cancel;909;;100;;2019-05-21 09:26:20.441
new;948;False;4;95.85;2019-05-21 09:26:49.193
cancel;932;;142;;2019-05-21 09:26:49.962
new;949;True;142;95.6;2019-05-21 09:26:49.962
cancel;946;;34;;2019-05-21 09:26:51.504
new;950;True;32;95.6;2019-05-21 09:26:54.466
cancel;945;;88;;2019-05-21 09:26:54.482
cancel;911;;62;;2019-05-21 09:26:54.482
new;951;True;32;95.7;2019-05-21 09:26:54.482
new;952;True;80;95.7;2019-05-21 09:26:54.482
new;953;True;31;95.7;2019-05-21 09:26:54.483
cancel;947;;32;;2019-05-21 09:26:54.483
cancel;914;;32;;2019-05-21 09:26:54.483
cancel;941;;10;;2019-05-21 09:26:54.484
new;954;True;32;95.6;2019-05-21 09:26:54.486
new;955;True;29;95.65;2019-05-21 09:26:54.502
new;956;True;250;95.45;2019-05-21 09:26:54.504
cancel;901;;68;;2019-05-21 09:26:54.504
new;957;True;68;95.4;2019-05-21 09:26:54.504
new;958;True;63;95.7;2019-05-21 09:26:54.732
cancel;868;;10;;2019-05-21 09:26:56.598
new;959;False;60;96.3;2019-05-21 09:26:56.598
cancel;870;;29;;2019-05-21 09:26:56.598
cancel;828;;250;;2019-05-21 09:26:56.598
new;960;False;42;95.85;2019-05-21 09:26:56.600
cancel;876;;63;;2019-05-21 09:26:56.631
new;961;False;63;96.0;2019-05-21 09:26:56.631
cancel;863;;80;;2019-05-21 09:27:00.704
cancel;879;;27;;2019-05-21 09:27:00.706
cancel;958;;63;;2019-05-21 09:27:01.177
cancel;848;;31;;2019-05-21 09:27:03.004
new;962;False;31;95.85;2019-05-21 09:27:03.005
new;963;False;32;95.85;2019-05-21 09:27:09.143
cancel;953;;31;;2019-05-21 09:27:09.143
new;964;False;10;95.85;2019-05-21 09:27:09.810
cancel;873;;250;;2019-05-21 09:27:09.836
cancel;951;;32;;2019-05-21 09:27:09.836
cancel;959;;60;;2019-05-21 09:27:09.837
new;965;False;32;95.8;2019-05-21 09:27:09.837
cancel;952;;80;;2019-05-21 09:27:09.837
new;966;True;62;95.2;2019-05-21 09:27:09.837
new;967;False;80;95.85;2019-05-21 09:27:09.837
new;968;False;31;95.8;2019-05-21 09:27:09.837
cancel;955;;29;;2019-05-21 09:27:09.837
cancel;938;;80;;2019-05-21 09:27:09.837
new;969;False;13;95.8;2019-05-21 09:27:09.838
cancel;926;;29;;2019-05-21 09:27:09.840
new;970;False;10;95.8;2019-05-21 09:27:09.841
new;971;False;32;95.85;2019-05-21 09:27:09.843
new;972;False;63;95.9;2019-05-21 09:27:09.845
new;973;False;29;95.85;2019-05-21 09:27:09.902
new;974;False;100;95.8;2019-05-21 09:27:09.961
new;975;False;78;95.8;2019-05-21 09:27:10.144
cancel;957;;68;;2019-05-21 09:27:14.730
cancel;887;;68;;2019-05-21 09:27:14.730
new;976;False;32;95.85;2019-05-21 09:27:17.533
new;977;True;65;95.3;2019-05-21 09:27:21.786
new;978;False;65;96.15;2019-05-21 09:27:21.786
cancel;948;;4;;2019-05-21 09:27:29.262
new;979;True;31;95.65;2019-05-21 09:27:30.148
cancel;975;;78;;2019-05-21 09:27:30.152
cancel;965;;32;;2019-05-21 09:27:31.523
cancel;968;;31;;2019-05-21 09:27:31.524
new;980;False;32;95.8;2019-05-21 09:27:32.903
new;981;False;31;95.8;2019-05-21 09:27:38.427
cancel;980;;32;;2019-05-21 09:27:50.383
new;982;False;32;95.8;2019-05-21 09:27:50.386
cancel;981;;31;;2019-05-21 09:27:50.387
new;983;False;32;95.8;2019-05-21 09:27:53.041
cancel;979;;31;;2019-05-21 09:28:02.347
new;984;False;57;95.8;2019-05-21 09:28:02.353
new;985;True;31;95.65;2019-05-21 09:28:12.467
cancel;984;;57;;2019-05-21 09:28:12.473
new;986;False;57;95.8;2019-05-21 09:28:32.482
cancel;985;;31;;2019-05-21 09:28:32.483
cancel;986;;57;;2019-05-21 09:28:59.505
cancel;949;;142;;2019-05-21 09:29:01.615
new;987;True;142;95.65;2019-05-21 09:29:01.615
new;988;True;28;95.65;2019-05-21 09:29:14.568
cancel;966;;62;;2019-05-21 09:29:39.050
new;989;True;14;95.7;2019-05-21 09:29:39.050
cancel;976;;32;;2019-05-21 09:29:39.052
new;990;True;80;95.65;2019-05-21 09:29:39.071
cancel;977;;65;;2019-05-21 09:29:39.071
new;991;True;65;95.35;2019-05-21 09:29:39.071
new;992;True;29;95.65;2019-05-21 09:29:39.103
cancel;971;;32;;2019-05-21 09:29:41.425
new;993;True;32;95.65;2019-05-21 09:29:46.782
cancel;983;;32;;2019-05-21 09:30:09.179
new;994;True;34;95.7;2019-05-21 09:30:09.180
cancel;982;;32;;2019-05-21 09:30:09.180
cancel;970;;10;;2019-05-21 09:30:09.202
cancel;991;;65;;2019-05-21 09:30:09.203
new;995;True;65;95.4;2019-05-21 09:30:09.203
cancel;994;;34;;2019-05-21 09:30:09.532
new;996;True;34;95.7;2019-05-21 09:30:09.545
new;997;True;13;95.7;2019-05-21 09:30:14.505
new;998;False;63;95.85;2019-05-21 09:30:17.852
new;999;True;13;95.8;2019-05-21 09:30:23.359
new;1000;True;73;95.8;2019-05-21 09:30:23.359
new;1001;True;27;95.8;2019-05-21 09:30:23.359
modif;850;;62;;2019-05-21 09:30:23.359
new;1002;False;60;96.3;2019-05-21 09:30:23.359
new;1003;True;73;95.8;2019-05-21 09:30:23.359
cancel;1003;;73;;2019-05-21 09:30:23.359
new;1004;True;62;95.25;2019-05-21 09:30:23.359
cancel;973;;29;;2019-05-21 09:30:23.359
cancel;1004;;62;;2019-05-21 09:30:23.359
new;1005;True;80;95.75;2019-05-21 09:30:23.359
cancel;967;;80;;2019-05-21 09:30:23.359
modif;837;;92;;2019-05-21 09:30:23.360
new;1006;True;91;95.8;2019-05-21 09:30:23.360
cancel;871;;32;;2019-05-21 09:30:23.360
cancel;964;;10;;2019-05-21 09:30:23.360
cancel;841;;524;;2019-05-21 09:30:23.360
new;1007;True;524;95.5;2019-05-21 09:30:23.360
cancel;853;;32;;2019-05-21 09:30:23.360
new;1008;True;32;95.7;2019-05-21 09:30:23.370
new;1009;True;32;95.7;2019-05-21 09:30:23.370
cancel;963;;32;;2019-05-21 09:30:23.376
new;1010;True;34;95.75;2019-05-21 09:30:23.376
cancel;995;;65;;2019-05-21 09:30:23.380
new;1011;True;65;95.45;2019-05-21 09:30:23.380
new;1012;True;29;95.75;2019-05-21 09:30:23.403
new;1013;False;64;95.8;2019-05-21 09:30:23.417
new;1014;False;27;95.8;2019-05-21 09:30:23.418
new;1015;True;60;95.3;2019-05-21 09:30:23.418
cancel;1012;;29;;2019-05-21 09:30:23.418
new;1016;True;80;95.75;2019-05-21 09:30:23.418
new;1017;True;27;95.85;2019-05-21 09:30:23.443
new;1018;True;15;95.85;2019-05-21 09:30:23.443
new;1019;True;31;95.85;2019-05-21 09:30:23.444
new;1020;True;63;95.85;2019-05-21 09:30:23.444
new;1021;False;866;96.35;2019-05-21 09:30:23.444
cancel;1015;;60;;2019-05-21 09:30:23.444
new;1022;True;120;95.8;2019-05-21 09:30:23.444
cancel;497;;31;;2019-05-21 09:30:23.445
cancel;507;;29;;2019-05-21 09:30:23.445
cancel;526;;32;;2019-05-21 09:30:23.445
new;1023;True;94;95.85;2019-05-21 09:30:23.445
cancel;849;;29;;2019-05-21 09:30:23.445
cancel;867;;250;;2019-05-21 09:30:23.445
new;1024;False;250;96.2;2019-05-21 09:30:23.445
new;1025;True;70;95.8;2019-05-21 09:30:23.445
new;1026;False;39;95.9;2019-05-21 09:30:23.445
cancel;885;;523;;2019-05-21 09:30:23.445
new;1027;False;523;96.2;2019-05-21 09:30:23.445
new;1028;True;250;95.55;2019-05-21 09:30:23.445
cancel;854;;32;;2019-05-21 09:30:23.445
cancel;972;;63;;2019-05-21 09:30:23.454
cancel;864;;63;;2019-05-21 09:30:23.468
new;1029;True;63;95.65;2019-05-21 09:30:23.468
cancel;103;;33;;2019-05-21 09:30:23.470
new;1030;True;34;95.8;2019-05-21 09:30:23.473
cancel;832;;80;;2019-05-21 09:30:23.473
cancel;961;;63;;2019-05-21 09:30:23.475
new;1031;True;28;95.7;2019-05-21 09:30:23.503
cancel;589;;7;;2019-05-21 09:30:23.552
cancel;881;;15;;2019-05-21 09:30:23.552
new;1032;True;5;95.7;2019-05-21 09:30:23.552
cancel;1025;;70;;2019-05-21 09:30:23.552
cancel;1026;;39;;2019-05-21 09:30:23.552
new;1033;False;34;96.35;2019-05-21 09:30:23.779
cancel;1023;;94;;2019-05-21 09:30:23.944
new;1034;True;929;95.35;2019-05-21 09:30:23.944
cancel;1030;;34;;2019-05-21 09:30:23.945
cancel;956;;250;;2019-05-21 09:30:23.945
cancel;1022;;120;;2019-05-21 09:30:23.945
new;1035;True;60;95.3;2019-05-21 09:30:23.945
new;1036;False;34;95.9;2019-05-21 09:30:23.945
new;1037;True;18;95.75;2019-05-21 09:30:23.946
cancel;1029;;63;;2019-05-21 09:30:23.976
cancel;699;;18;;2019-05-21 09:30:24.005
cancel;878;;26;;2019-05-21 09:30:24.005
new;1038;False;80;96.0;2019-05-21 09:30:24.005
new;1039;True;29;95.7;2019-05-21 09:30:24.302
new;1040;False;100;95.9;2019-05-21 09:30:24.315
new;1041;True;63;95.6;2019-05-21 09:30:26.044
new;1042;False;63;96.05;2019-05-21 09:30:26.046
cancel;989;;14;;2019-05-21 09:30:26.303
new;1043;True;14;95.9;2019-05-21 09:30:26.332
cancel;1036;;20;;2019-05-21 09:30:26.332
new;1044;True;28;95.75;2019-05-21 09:30:26.334
new;1045;False;28;96.05;2019-05-21 09:30:26.334
new;1046;True;53;95.9;2019-05-21 09:30:26.334
new;1047;True;47;95.9;2019-05-21 09:30:26.335
new;1048;False;817;96.4;2019-05-21 09:30:26.335
cancel;1035;;60;;2019-05-21 09:30:26.335
new;1049;True;100;95.8;2019-05-21 09:30:26.335
new;1050;True;34;95.8;2019-05-21 09:30:26.335
modif;479;;29;;2019-05-21 09:30:26.335
new;1051;True;60;95.8;2019-05-21 09:30:26.335
modif;1048;;523;;2019-05-21 09:30:26.335
cancel;861;;27;;2019-05-21 09:30:26.335
new;1052;False;39;95.95;2019-05-21 09:30:26.335
cancel;1034;;929;;2019-05-21 09:30:26.352
new;1053;True;60;95.85;2019-05-21 09:30:26.352
cancel;1007;;524;;2019-05-21 09:30:26.354
new;1054;True;524;95.55;2019-05-21 09:30:26.354
cancel;857;;32;;2019-05-21 09:30:26.354
cancel;607;;32;;2019-05-21 09:30:26.354
new;1055;True;32;95.75;2019-05-21 09:30:26.355
cancel;1011;;65;;2019-05-21 09:30:26.359
new;1056;True;65;95.5;2019-05-21 09:30:26.359
cancel;978;;65;;2019-05-21 09:30:26.359
new;1057;False;65;96.3;2019-05-21 09:30:26.359
cancel;1042;;63;;2019-05-21 09:30:26.365
cancel;1041;;63;;2019-05-21 09:30:26.385
new;1058;True;29;95.8;2019-05-21 09:30:26.403
cancel;742;;17;;2019-05-21 09:30:26.419
cancel;1053;;60;;2019-05-21 09:30:26.462
new;1059;True;929;95.35;2019-05-21 09:30:26.462
cancel;1058;;29;;2019-05-21 09:30:26.463
new;1060;True;29;95.75;2019-05-21 09:30:26.502
new;1061;False;64;95.95;2019-05-21 09:30:26.508
cancel;1061;;64;;2019-05-21 09:30:26.591
new;1062;False;64;95.95;2019-05-21 09:30:26.708
new;1063;True;32;95.65;2019-05-21 09:30:27.382
cancel;1055;;32;;2019-05-21 09:30:27.383
modif;1059;;32;;2019-05-21 09:30:27.388
cancel;1062;;64;;2019-05-21 09:30:27.390
new;1064;False;34;96.4;2019-05-21 09:30:27.778
new;1065;False;63;96.1;2019-05-21 09:30:29.042
new;1066;True;63;95.65;2019-05-21 09:30:29.042
new;1067;False;64;95.95;2019-05-21 09:30:29.046
new;1068;False;27;96.1;2019-05-21 09:30:29.047
new;1069;True;27;95.8;2019-05-21 09:30:29.047
cancel;1067;;64;;2019-05-21 09:30:29.051
new;1070;False;32;96.0;2019-05-21 09:30:30.363
new;1071;False;32;96.1;2019-05-21 09:30:30.363
new;1072;False;64;95.95;2019-05-21 09:30:30.371
cancel;1051;;60;;2019-05-21 09:30:30.371
new;1073;False;100;95.95;2019-05-21 09:30:31.346
cancel;1050;;34;;2019-05-21 09:30:31.558
new;1074;False;32;96.1;2019-05-21 09:30:31.858
new;1075;False;32;96.15;2019-05-21 09:30:31.858
new;1076;True;34;95.8;2019-05-21 09:30:33.285
new;1077;False;32;96.15;2019-05-21 09:30:33.366
new;1078;True;32;95.75;2019-05-21 09:30:33.846
cancel;571;;32;;2019-05-21 09:30:33.856
modif;479;;33;;2019-05-21 09:30:39.505
modif;1059;;897;;2019-05-21 09:30:39.505
new;1079;True;34;95.85;2019-05-21 09:30:39.505
new;1080;True;90;95.85;2019-05-21 09:30:39.506
cancel;1038;;80;;2019-05-21 09:30:39.506
cancel;1070;;32;;2019-05-21 09:30:39.506
cancel;721;;18;;2019-05-21 09:30:39.508
cancel;1072;;64;;2019-05-21 09:30:39.512
new;1081;True;32;95.75;2019-05-21 09:30:39.514
cancel;1079;;34;;2019-05-21 09:30:39.525
cancel;1080;;90;;2019-05-21 09:30:39.525
new;1082;True;897;95.35;2019-05-21 09:30:39.525
cancel;1082;;897;;2019-05-21 09:30:39.525
new;1083;True;70;95.85;2019-05-21 09:30:39.525
cancel;1083;;70;;2019-05-21 09:30:39.545
new;1084;True;897;95.35;2019-05-21 09:30:39.545
cancel;1056;;65;;2019-05-21 09:30:39.616
new;1085;True;65;95.55;2019-05-21 09:30:39.616
new;1086;False;64;95.95;2019-05-21 09:30:39.620
new;1087;False;34;95.95;2019-05-21 09:30:39.804
new;1088;False;80;96.05;2019-05-21 09:30:40.894
cancel;1081;;32;;2019-05-21 09:30:40.930
new;1089;False;32;96.0;2019-05-21 09:30:43.500
cancel;1087;;34;;2019-05-21 09:30:43.839
cancel;1084;;897;;2019-05-21 09:30:43.839
new;1090;True;34;95.85;2019-05-21 09:30:43.839
new;1091;True;70;95.85;2019-05-21 09:30:43.840
new;1092;True;39;95.95;2019-05-21 09:30:43.840
new;1093;True;100;95.95;2019-05-21 09:30:43.840
new;1094;True;64;95.95;2019-05-21 09:30:43.840
new;1095;False;259;96.45;2019-05-21 09:30:43.840
cancel;515;;32;;2019-05-21 09:30:43.840
cancel;546;;29;;2019-05-21 09:30:43.840
new;1096;True;100;95.9;2019-05-21 09:30:43.840
cancel;564;;33;;2019-05-21 09:30:43.841
cancel;577;;29;;2019-05-21 09:30:43.841
cancel;696;;80;;2019-05-21 09:30:43.841
cancel;748;;32;;2019-05-21 09:30:43.841
cancel;779;;32;;2019-05-21 09:30:43.841
new;1097;True;164;95.95;2019-05-21 09:30:43.841
modif;517;;29;;2019-05-21 09:30:43.841
new;1098;False;250;96.3;2019-05-21 09:30:43.841
cancel;1024;;250;;2019-05-21 09:30:43.841
modif;517;;33;;2019-05-21 09:30:43.841
cancel;1088;;80;;2019-05-21 09:30:43.841
new;1099;False;28;96.15;2019-05-21 09:30:43.841
new;1100;True;80;95.85;2019-05-21 09:30:43.841
new;1101;True;28;95.85;2019-05-21 09:30:43.841
cancel;751;;18;;2019-05-21 09:30:43.841
cancel;1054;;524;;2019-05-21 09:30:43.841
new;1102;True;524;95.6;2019-05-21 09:30:43.841
cancel;844;;26;;2019-05-21 09:30:43.841
cancel;1089;;32;;2019-05-21 09:30:43.841
new;1103;False;34;96.0;2019-05-21 09:30:43.841
new;1104;False;16;96.0;2019-05-21 09:30:43.842
new;1105;True;250;95.65;2019-05-21 09:30:43.842
new;1106;True;32;95.8;2019-05-21 09:30:43.844
new;1107;False;64;95.95;2019-05-21 09:30:43.844
new;1108;False;34;96.0;2019-05-21 09:30:43.845
modif;1021;;837;;2019-05-21 09:30:43.859
new;1109;True;237;95.95;2019-05-21 09:30:43.863
cancel;1108;;34;;2019-05-21 09:30:43.863
cancel;1066;;63;;2019-05-21 09:30:43.872
cancel;1065;;63;;2019-05-21 09:30:43.873
new;1110;False;63;96.15;2019-05-21 09:30:43.873
cancel;1085;;65;;2019-05-21 09:30:43.877
new;1111;True;65;95.6;2019-05-21 09:30:43.877
cancel;1104;;16;;2019-05-21 09:30:43.900
new;1112;True;29;95.9;2019-05-21 09:30:43.902
cancel;893;;8;;2019-05-21 09:30:43.905
new;1113;True;8;95.8;2019-05-21 09:30:43.905
new;1114;True;29;95.85;2019-05-21 09:30:44.002
new;1115;True;29;95.8;2019-05-21 09:30:44.103
cancel;1097;;100;;2019-05-21 09:30:44.340
cancel;1109;;237;;2019-05-21 09:30:44.363
new;1116;True;174;95.45;2019-05-21 09:30:44.363
cancel;1112;;29;;2019-05-21 09:30:44.363
cancel;1096;;100;;2019-05-21 09:30:44.365
new;1117;True;61;95.4;2019-05-21 09:30:44.365
cancel;1114;;29;;2019-05-21 09:30:44.365
new;1118;False;34;96.0;2019-05-21 09:30:44.365
cancel;1117;;61;;2019-05-21 09:30:44.387
new;1119;True;237;95.95;2019-05-21 09:30:44.387
cancel;1118;;34;;2019-05-21 09:30:44.387
cancel;1116;;174;;2019-05-21 09:30:44.402
new;1120;True;29;95.9;2019-05-21 09:30:44.402
cancel;1009;;32;;2019-05-21 09:30:44.480
cancel;859;;32;;2019-05-21 09:30:44.480
cancel;1063;;32;;2019-05-21 09:30:44.482
cancel;954;;32;;2019-05-21 09:30:44.497
cancel;897;;32;;2019-05-21 09:30:44.498
cancel;777;;32;;2019-05-21 09:30:44.498
new;1121;True;29;95.85;2019-05-21 09:30:44.502
cancel;856;;32;;2019-05-21 09:30:44.532
cancel;858;;32;;2019-05-21 09:30:44.534
new;1122;False;34;96.45;2019-05-21 09:30:44.778
cancel;1119;;237;;2019-05-21 09:30:44.821
new;1123;True;142;95.45;2019-05-21 09:30:44.821
cancel;1120;;29;;2019-05-21 09:30:44.822
new;1124;True;61;95.4;2019-05-21 09:30:44.822
cancel;1121;;29;;2019-05-21 09:30:44.830
new;1125;True;63;95.7;2019-05-21 09:30:46.046
new;1126;False;100;96.0;2019-05-21 09:30:46.322
new;1127;False;27;96.0;2019-05-21 09:30:46.322
cancel;1105;;250;;2019-05-21 09:30:46.351
cancel;1090;;34;;2019-05-21 09:30:46.351
new;1128;False;34;96.0;2019-05-21 09:30:46.351
cancel;1101;;28;;2019-05-21 09:30:46.356
new;1129;False;16;96.0;2019-05-21 09:30:46.357
cancel;1100;;80;;2019-05-21 09:30:46.732
cancel;1091;;70;;2019-05-21 09:30:46.732
new;1130;True;897;95.35;2019-05-21 09:30:46.732
cancel;1115;;29;;2019-05-21 09:30:46.732
cancel;1106;;32;;2019-05-21 09:30:46.733
new;1131;False;64;96.0;2019-05-21 09:30:46.739
cancel;1069;;27;;2019-05-21 09:30:46.739
cancel;1131;;64;;2019-05-21 09:30:46.759
cancel;1095;;259;;2019-05-21 09:30:46.759
cancel;1122;;34;;2019-05-21 09:30:46.759
new;1132;False;64;95.95;2019-05-21 09:30:46.759
new;1133;False;34;95.95;2019-05-21 09:30:46.759
new;1134;False;28;95.95;2019-05-21 09:30:46.759
new;1135;False;80;95.95;2019-05-21 09:30:46.759
new;1136;False;26;95.95;2019-05-21 09:30:46.760
cancel;1125;;63;;2019-05-21 09:30:46.763
cancel;1076;;34;;2019-05-21 09:30:46.779
new;1137;False;29;96.0;2019-05-21 09:30:46.802
new;1138;True;34;95.8;2019-05-21 09:30:46.809
cancel;1133;;34;;2019-05-21 09:30:46.809
cancel;1135;;80;;2019-05-21 09:30:46.811
new;1139;True;32;95.7;2019-05-21 09:30:48.506
new;1140;False;32;96.0;2019-05-21 09:30:48.506
new;1141;False;32;96.0;2019-05-21 09:30:48.541
new;1142;True;63;95.65;2019-05-21 09:30:49.042
new;1143;True;32;95.65;2019-05-21 09:30:50.008
new;1144;False;32;96.05;2019-05-21 09:30:50.008
new;1145;False;32;96.05;2019-05-21 09:30:50.037
new;1146;True;32;95.6;2019-05-21 09:30:51.513
cancel;767;;200;;2019-05-21 09:30:55.208
cancel;1132;;64;;2019-05-21 09:30:55.261
new;1147;True;28;95.8;2019-05-21 09:30:55.261
cancel;1136;;26;;2019-05-21 09:30:55.770
cancel;1134;;28;;2019-05-21 09:30:55.771
new;1148;False;293;96.45;2019-05-21 09:30:55.771
cancel;1137;;29;;2019-05-21 09:30:55.771
cancel;1141;;32;;2019-05-21 09:30:55.771
new;1149;True;32;95.75;2019-05-21 09:30:55.774
new;1150;False;32;96.2;2019-05-21 09:30:55.774
cancel;1140;;32;;2019-05-21 09:30:56.481
new;1151;False;32;96.2;2019-05-21 09:30:59.780
cancel;1130;;897;;2019-05-21 09:31:00.258
new;1152;True;34;95.85;2019-05-21 09:31:00.258
new;1153;True;70;95.85;2019-05-21 09:31:00.258
new;1154;True;80;95.85;2019-05-21 09:31:00.258
new;1155;True;32;95.8;2019-05-21 09:31:00.264
new;1156;True;27;95.85;2019-05-21 09:31:00.280
new;1157;True;29;95.8;2019-05-21 09:31:00.302
cancel;1129;;16;;2019-05-21 09:31:00.324
new;1158;False;16;96.0;2019-05-21 09:31:17.742
cancel;987;;142;;2019-05-21 09:31:22.098
new;1159;True;142;95.85;2019-05-21 09:31:22.098
cancel;1128;;34;;2019-05-21 09:31:28.993
cancel;1158;;16;;2019-05-21 09:31:28.996
new;1160;False;31;96.0;2019-05-21 09:31:29.022
new;1161;False;16;96.0;2019-05-21 09:31:29.142
new;1162;True;32;95.8;2019-05-21 09:31:31.047
new;1163;True;430;95.7;2019-05-21 09:31:35.197
cancel;1160;;31;;2019-05-21 09:31:58.159
cancel;1127;;27;;2019-05-21 09:31:58.160
cancel;1124;;61;;2019-05-21 09:31:58.161
new;1164;True;90;95.9;2019-05-21 09:31:58.161
cancel;1161;;16;;2019-05-21 09:31:58.161
new;1165;True;250;95.65;2019-05-21 09:31:58.161
new;1166;True;29;95.9;2019-05-21 09:31:58.166
cancel;1145;;32;;2019-05-21 09:31:58.166
new;1167;True;31;95.9;2019-05-21 09:31:58.169
cancel;1142;;63;;2019-05-21 09:31:58.199
new;1168;True;63;95.75;2019-05-21 09:31:58.199
new;1169;True;29;95.85;2019-05-21 09:31:58.204
new;1170;True;145;95.8;2019-05-21 09:32:10.022
new;1171;True;38;95.9;2019-05-21 09:32:14.659
cancel;1170;;145;;2019-05-21 09:32:18.895
new;1172;True;34;96.0;2019-05-21 09:32:18.943
new;1173;True;100;96.0;2019-05-21 09:32:18.943
new;1174;False;989;96.5;2019-05-21 09:32:18.943
cancel;1123;;142;;2019-05-21 09:32:18.944
new;1175;True;100;96.0;2019-05-21 09:32:18.944
new;1176;True;100;96.0;2019-05-21 09:32:18.944
cancel;711;;32;;2019-05-21 09:32:18.944
cancel;736;;32;;2019-05-21 09:32:18.944
cancel;744;;29;;2019-05-21 09:32:18.944
new;1177;True;80;95.95;2019-05-21 09:32:18.944
cancel;1176;;100;;2019-05-21 09:32:18.944
new;1178;True;100;96.0;2019-05-21 09:32:18.944
modif;1048;;250;;2019-05-21 09:32:18.944
modif;519;;29;;2019-05-21 09:32:18.944
modif;519;;33;;2019-05-21 09:32:18.944
new;1179;False;29;96.2;2019-05-21 09:32:18.944
new;1180;True;80;95.95;2019-05-21 09:32:18.944
cancel;1027;;523;;2019-05-21 09:32:18.944
new;1181;False;523;96.35;2019-05-21 09:32:18.944
new;1182;True;119;96.0;2019-05-21 09:32:18.944
new;1183;True;107;96.0;2019-05-21 09:32:18.944
cancel;1045;;28;;2019-05-21 09:32:18.944
cancel;1144;;32;;2019-05-21 09:32:18.944
new;1184;False;29;96.55;2019-05-21 09:32:18.944
cancel;988;;28;;2019-05-21 09:32:18.944
cancel;722;;32;;2019-05-21 09:32:18.944
cancel;724;;80;;2019-05-21 09:32:18.944
cancel;743;;29;;2019-05-21 09:32:18.944
cancel;895;;32;;2019-05-21 09:32:18.944
cancel;1028;;250;;2019-05-21 09:32:18.944
new;1185;True;60;96.05;2019-05-21 09:32:18.944
new;1186;False;250;96.4;2019-05-21 09:32:18.945
cancel;1098;;250;;2019-05-21 09:32:18.945
new;1187;False;26;96.05;2019-05-21 09:32:18.945
cancel;1102;;524;;2019-05-21 09:32:18.945
new;1188;True;524;95.7;2019-05-21 09:32:18.945
new;1189;True;32;95.95;2019-05-21 09:32:18.945
modif;691;;29;;2019-05-21 09:32:18.945
cancel;1074;;32;;2019-05-21 09:32:18.946
cancel;1031;;28;;2019-05-21 09:32:18.946
new;1190;False;70;96.1;2019-05-21 09:32:18.947
new;1191;False;16;96.1;2019-05-21 09:32:18.947
new;1192;True;250;95.75;2019-05-21 09:32:18.947
cancel;1077;;32;;2019-05-21 09:32:18.951
cancel;1071;;32;;2019-05-21 09:32:18.953
cancel;1178;;100;;2019-05-21 09:32:18.956
cancel;1185;;34;;2019-05-21 09:32:18.956
new;1193;True;173;95.55;2019-05-21 09:32:18.956
cancel;1165;;250;;2019-05-21 09:32:18.956
new;1194;True;32;95.9;2019-05-21 09:32:18.964
new;1195;True;32;95.9;2019-05-21 09:32:18.964
cancel;1111;;65;;2019-05-21 09:32:18.965
new;1196;True;65;95.65;2019-05-21 09:32:18.965
cancel;1057;;65;;2019-05-21 09:32:18.965
new;1197;False;65;96.45;2019-05-21 09:32:18.965
cancel;1168;;63;;2019-05-21 09:32:18.975
cancel;1110;;63;;2019-05-21 09:32:18.982
new;1198;False;63;96.2;2019-05-21 09:32:18.982
cancel;819;;5;;2019-05-21 09:32:18.985
new;1199;True;8;95.9;2019-05-21 09:32:18.985
new;1200;True;11;96.1;2019-05-21 09:32:19.020
modif;691;;22;;2019-05-21 09:32:19.020
cancel;1198;;63;;2019-05-21 09:32:19.041
cancel;1032;;5;;2019-05-21 09:32:19.073
new;1201;True;29;95.95;2019-05-21 09:32:19.102
new;1202;True;29;95.9;2019-05-21 09:32:19.202
cancel;997;;13;;2019-05-21 09:32:19.306
cancel;1175;;100;;2019-05-21 09:32:19.444
cancel;1195;;32;;2019-05-21 09:32:19.969
new;1203;False;32;96.55;2019-05-21 09:32:20.778
new;1204;True;63;95.85;2019-05-21 09:32:21.044
new;1205;False;63;96.25;2019-05-21 09:32:21.044
cancel;1182;;119;;2019-05-21 09:32:21.946
new;1206;True;29;95.95;2019-05-21 09:32:21.946
new;1207;False;29;96.25;2019-05-21 09:32:21.946
cancel;1183;;107;;2019-05-21 09:32:22.013
new;1208;True;898;95.5;2019-05-21 09:32:22.013
cancel;1206;;29;;2019-05-21 09:32:22.014
cancel;1189;;32;;2019-05-21 09:32:22.014
new;1209;True;250;95.65;2019-05-21 09:32:22.014
new;1210;False;32;96.1;2019-05-21 09:32:22.014
cancel;1192;;250;;2019-05-21 09:32:22.014
cancel;1204;;63;;2019-05-21 09:32:22.045
new;1211;False;46;96.1;2019-05-21 09:32:22.324
new;1212;False;32;96.15;2019-05-21 09:32:22.963
new;1213;False;32;96.25;2019-05-21 09:32:22.963
new;1214;True;32;95.85;2019-05-21 09:32:22.975
modif;1193;;32;;2019-05-21 09:32:22.981
new;1215;True;32;95.85;2019-05-21 09:32:23.975
new;1216;True;63;95.8;2019-05-21 09:32:24.042
new;1217;False;32;96.25;2019-05-21 09:32:24.466
new;1218;False;32;96.3;2019-05-21 09:32:24.466
new;1219;False;32;96.3;2019-05-21 09:32:25.972
cancel;1171;;38;;2019-05-21 09:32:50.512
new;1220;True;43;95.95;2019-05-21 09:32:50.512
new;1221;True;32;95.95;2019-05-21 09:32:50.512
new;1222;True;9;95.95;2019-05-21 09:32:57.470
new;1223;True;32;95.9;2019-05-21 09:33:04.196
cancel;1163;;430;;2019-05-21 09:33:09.809
cancel;1159;;142;;2019-05-21 09:33:12.642
new;1224;True;142;95.95;2019-05-21 09:33:12.642
cancel;1210;;32;;2019-05-21 09:33:12.643
cancel;1191;;16;;2019-05-21 09:33:12.643
cancel;1068;;27;;2019-05-21 09:33:15.935
new;1225;True;70;96.1;2019-05-21 09:33:15.937
new;1226;True;28;96.1;2019-05-21 09:33:15.937
new;1227;True;18;96.1;2019-05-21 09:33:15.937
cancel;1208;;898;;2019-05-21 09:33:15.937
new;1228;False;802;96.6;2019-05-21 09:33:15.937
new;1229;True;28;96.1;2019-05-21 09:33:15.937
modif;1193;;141;;2019-05-21 09:33:15.937
new;1230;True;33;96.0;2019-05-21 09:33:15.937
new;1231;True;80;96.0;2019-05-21 09:33:15.937
new;1232;True;80;96.0;2019-05-21 09:33:15.937
modif;718;;29;;2019-05-21 09:33:15.937
cancel;1099;;28;;2019-05-21 09:33:15.939
cancel;1188;;524;;2019-05-21 09:33:15.939
new;1233;True;524;95.8;2019-05-21 09:33:15.939
new;1234;True;30;96.0;2019-05-21 09:33:15.939
cancel;1044;;28;;2019-05-21 09:33:15.939
modif;1228;;523;;2019-05-21 09:33:15.939
new;1235;True;13;95.95;2019-05-21 09:33:15.939
cancel;1212;;32;;2019-05-21 09:33:15.939
cancel;1075;;32;;2019-05-21 09:33:15.939
new;1236;False;20;96.15;2019-05-21 09:33:15.939
new;1237;False;22;96.1;2019-05-21 09:33:15.939
cancel;1151;;32;;2019-05-21 09:33:15.939
new;1238;True;250;95.8;2019-05-21 09:33:15.939
new;1239;False;16;96.15;2019-05-21 09:33:15.939
new;1240;True;32;95.95;2019-05-21 09:33:15.941
new;1241;True;32;95.95;2019-05-21 09:33:15.941
modif;1174;;837;;2019-05-21 09:33:15.945
cancel;1146;;32;;2019-05-21 09:33:15.946
cancel;950;;32;;2019-05-21 09:33:15.946
cancel;1196;;65;;2019-05-21 09:33:15.958
new;1242;True;65;95.75;2019-05-21 09:33:15.958
cancel;1216;;63;;2019-05-21 09:33:15.976
new;1243;True;63;95.95;2019-05-21 09:33:15.976
cancel;1205;;63;;2019-05-21 09:33:15.976
new;1244;False;63;96.3;2019-05-21 09:33:15.976
cancel;723;;60;;2019-05-21 09:33:16.003
cancel;771;;29;;2019-05-21 09:33:16.003
cancel;894;;32;;2019-05-21 09:33:16.003
new;1245;True;29;96.05;2019-05-21 09:33:16.003
modif;718;;33;;2019-05-21 09:33:16.074
new;1246;True;80;96.05;2019-05-21 09:33:16.075
cancel;1239;;16;;2019-05-21 09:33:16.089
cancel;1037;;18;;2019-05-21 09:33:16.096
new;1247;True;29;96.0;2019-05-21 09:33:16.102
new;1248;True;29;95.95;2019-05-21 09:33:16.202
cancel;1229;;6;;2019-05-21 09:33:16.437
new;1249;True;121;95.6;2019-05-21 09:33:16.437
cancel;1245;;29;;2019-05-21 09:33:16.439
cancel;1236;;20;;2019-05-21 09:33:16.439
new;1250;False;1366;96.65;2019-05-21 09:33:16.439
cancel;1179;;29;;2019-05-21 09:33:16.439
cancel;1186;;250;;2019-05-21 09:33:16.439
new;1251;False;250;96.5;2019-05-21 09:33:16.439
cancel;1181;;523;;2019-05-21 09:33:16.439
new;1252;False;523;96.5;2019-05-21 09:33:16.439
new;1253;False;36;96.2;2019-05-21 09:33:16.440
cancel;1243;;63;;2019-05-21 09:33:16.469
cancel;1244;;63;;2019-05-21 09:33:16.470
cancel;1150;;32;;2019-05-21 09:33:16.498
new;1254;False;33;96.6;2019-05-21 09:33:16.777
new;1255;True;125;96.2;2019-05-21 09:33:16.826
new;1256;True;32;96.2;2019-05-21 09:33:16.827
new;1257;True;29;96.2;2019-05-21 09:33:16.827
new;1258;True;36;96.2;2019-05-21 09:33:16.827
new;1259;False;29;96.7;2019-05-21 09:33:16.827
new;1260;True;33;96.05;2019-05-21 09:33:16.827
cancel;1207;;29;;2019-05-21 09:33:16.827
modif;1228;;250;;2019-05-21 09:33:16.827
cancel;1217;;32;;2019-05-21 09:33:16.827
new;1261;False;16;96.25;2019-05-21 09:33:16.827
new;1262;False;20;96.25;2019-05-21 09:33:16.827
cancel;1249;;121;;2019-05-21 09:33:16.851
new;1263;True;33;96.1;2019-05-21 09:33:16.851
new;1264;True;90;96.1;2019-05-21 09:33:16.851
cancel;1213;;32;;2019-05-21 09:33:16.851
modif;927;;31;;2019-05-21 09:33:16.851
new;1265;True;250;95.9;2019-05-21 09:33:16.851
cancel;1209;;250;;2019-05-21 09:33:16.851
cancel;943;;34;;2019-05-21 09:33:16.853
cancel;990;;80;;2019-05-21 09:33:16.853
cancel;992;;29;;2019-05-21 09:33:16.853
cancel;993;;32;;2019-05-21 09:33:16.853
cancel;1143;;32;;2019-05-21 09:33:16.853
new;1266;True;80;96.15;2019-05-21 09:33:16.853
cancel;1147;;28;;2019-05-21 09:33:16.853
cancel;1219;;32;;2019-05-21 09:33:16.853
cancel;1156;;27;;2019-05-21 09:33:16.854
cancel;1197;;65;;2019-05-21 09:33:16.855
new;1267;False;65;96.6;2019-05-21 09:33:16.855
modif;927;;29;;2019-05-21 09:33:16.855
cancel;1113;;8;;2019-05-21 09:33:16.873
new;1268;True;7;96.05;2019-05-21 09:33:16.873
new;1269;True;8;96.0;2019-05-21 09:33:16.874
cancel;1261;;16;;2019-05-21 09:33:16.892
new;1270;True;29;96.1;2019-05-21 09:33:16.902
cancel;1233;;524;;2019-05-21 09:33:16.964
new;1271;True;524;95.85;2019-05-21 09:33:16.964
cancel;1242;;65;;2019-05-21 09:33:16.973
new;1272;True;65;95.85;2019-05-21 09:33:16.973
new;1273;True;29;96.05;2019-05-21 09:33:17.002
cancel;1218;;32;;2019-05-21 09:33:17.491
cancel;1241;;32;;2019-05-21 09:33:17.491
cancel;1223;;32;;2019-05-21 09:33:17.494
cancel;1215;;32;;2019-05-21 09:33:17.509
cancel;1162;;32;;2019-05-21 09:33:17.510
cancel;1149;;32;;2019-05-21 09:33:17.510
cancel;1139;;32;;2019-05-21 09:33:17.510
new;1274;False;63;96.4;2019-05-21 09:33:18.041
new;1275;True;63;96.0;2019-05-21 09:33:18.041
cancel;1262;;20;;2019-05-21 09:33:18.106
new;1276;False;438;96.75;2019-05-21 09:33:18.106
modif;1002;;29;;2019-05-21 09:33:18.107
cancel;1251;;250;;2019-05-21 09:33:18.107
new;1277;False;250;96.6;2019-05-21 09:33:18.107
new;1278;True;29;96.05;2019-05-21 09:33:18.107
new;1279;False;18;96.3;2019-05-21 09:33:18.107
new;1280;False;64;96.3;2019-05-21 09:33:18.115
cancel;1274;;63;;2019-05-21 09:33:18.138
modif;1250;;837;;2019-05-21 09:33:18.158
new;1281;False;33;96.65;2019-05-21 09:33:18.778
new;1282;False;33;96.7;2019-05-21 09:33:19.777
new;1283;True;32;96.05;2019-05-21 09:33:19.951
